%YAML 1.1
%TAG !u! tag:unity3d.com,2011:
--- !u!1001 &100100000
Prefab:
  m_ObjectHideFlags: 1
  serializedVersion: 2
  m_Modification:
    m_TransformParent: {fileID: 0}
    m_Modifications: []
    m_RemovedComponents: []
  m_ParentPrefab: {fileID: 0}
  m_RootGameObject: {fileID: 1603327264404820}
  m_IsPrefabParent: 1
--- !u!1 &1004444568373752
GameObject:
  m_ObjectHideFlags: 1
  m_PrefabParentObject: {fileID: 0}
  m_PrefabInternal: {fileID: 100100000}
  serializedVersion: 5
  m_Component:
  - component: {fileID: 4036001574249004}
  m_Layer: 0
  m_Name: Arm upper.L
  m_TagString: Untagged
  m_Icon: {fileID: 0}
  m_NavMeshLayer: 0
  m_StaticEditorFlags: 0
  m_IsActive: 1
--- !u!1 &1015091419655164
GameObject:
  m_ObjectHideFlags: 0
  m_PrefabParentObject: {fileID: 0}
  m_PrefabInternal: {fileID: 100100000}
  serializedVersion: 5
  m_Component:
  - component: {fileID: 4948146163524196}
  - component: {fileID: 137024276977456338}
  m_Layer: 0
  m_Name: Platebody
  m_TagString: Untagged
  m_Icon: {fileID: 0}
  m_NavMeshLayer: 0
  m_StaticEditorFlags: 0
  m_IsActive: 1
--- !u!1 &1021314079338756
GameObject:
  m_ObjectHideFlags: 1
  m_PrefabParentObject: {fileID: 0}
  m_PrefabInternal: {fileID: 100100000}
  serializedVersion: 5
  m_Component:
  - component: {fileID: 4623120551713726}
  m_Layer: 0
  m_Name: Hand.L
  m_TagString: Untagged
  m_Icon: {fileID: 0}
  m_NavMeshLayer: 0
  m_StaticEditorFlags: 0
  m_IsActive: 1
--- !u!1 &1021946491755306
GameObject:
  m_ObjectHideFlags: 1
  m_PrefabParentObject: {fileID: 0}
  m_PrefabInternal: {fileID: 100100000}
  serializedVersion: 5
  m_Component:
  - component: {fileID: 4401814002426034}
  m_Layer: 0
  m_Name: RingFinger01.L
  m_TagString: Untagged
  m_Icon: {fileID: 0}
  m_NavMeshLayer: 0
  m_StaticEditorFlags: 0
  m_IsActive: 1
--- !u!1 &1044409589677296
GameObject:
  m_ObjectHideFlags: 0
  m_PrefabParentObject: {fileID: 0}
  m_PrefabInternal: {fileID: 100100000}
  serializedVersion: 5
  m_Component:
  - component: {fileID: 4336323183962612}
  - component: {fileID: 137086786094368724}
  m_Layer: 0
  m_Name: Platelegs
  m_TagString: Untagged
  m_Icon: {fileID: 0}
  m_NavMeshLayer: 0
  m_StaticEditorFlags: 0
  m_IsActive: 1
--- !u!1 &1050102575209910
GameObject:
  m_ObjectHideFlags: 1
  m_PrefabParentObject: {fileID: 0}
  m_PrefabInternal: {fileID: 100100000}
  serializedVersion: 5
  m_Component:
  - component: {fileID: 4555216311785970}
  m_Layer: 0
  m_Name: Leg lower.R
  m_TagString: Untagged
  m_Icon: {fileID: 0}
  m_NavMeshLayer: 0
  m_StaticEditorFlags: 0
  m_IsActive: 1
--- !u!1 &1052168272372954
GameObject:
  m_ObjectHideFlags: 1
  m_PrefabParentObject: {fileID: 0}
  m_PrefabInternal: {fileID: 100100000}
  serializedVersion: 5
  m_Component:
  - component: {fileID: 4818069326234838}
  m_Layer: 0
  m_Name: Shoulder.R
  m_TagString: Untagged
  m_Icon: {fileID: 0}
  m_NavMeshLayer: 0
  m_StaticEditorFlags: 0
  m_IsActive: 1
--- !u!1 &1056493400461228
GameObject:
  m_ObjectHideFlags: 1
  m_PrefabParentObject: {fileID: 0}
  m_PrefabInternal: {fileID: 100100000}
  serializedVersion: 5
  m_Component:
  - component: {fileID: 4235909523179836}
  m_Layer: 0
  m_Name: Knee target.L_end
  m_TagString: Untagged
  m_Icon: {fileID: 0}
  m_NavMeshLayer: 0
  m_StaticEditorFlags: 0
  m_IsActive: 1
--- !u!1 &1061622302821924
GameObject:
  m_ObjectHideFlags: 1
  m_PrefabParentObject: {fileID: 0}
  m_PrefabInternal: {fileID: 100100000}
  serializedVersion: 5
  m_Component:
  - component: {fileID: 4127341138454150}
  m_Layer: 0
  m_Name: Fingers01.R
  m_TagString: Untagged
  m_Icon: {fileID: 0}
  m_NavMeshLayer: 0
  m_StaticEditorFlags: 0
  m_IsActive: 1
--- !u!1 &1083208401358402
GameObject:
  m_ObjectHideFlags: 1
  m_PrefabParentObject: {fileID: 0}
  m_PrefabInternal: {fileID: 100100000}
  serializedVersion: 5
  m_Component:
  - component: {fileID: 4657865551953406}
  m_Layer: 0
  m_Name: Arm lower.R
  m_TagString: Untagged
  m_Icon: {fileID: 0}
  m_NavMeshLayer: 0
  m_StaticEditorFlags: 0
  m_IsActive: 1
--- !u!1 &1098299892600960
GameObject:
  m_ObjectHideFlags: 0
  m_PrefabParentObject: {fileID: 0}
  m_PrefabInternal: {fileID: 100100000}
  serializedVersion: 5
  m_Component:
  - component: {fileID: 4834877343062214}
  m_Layer: 0
  m_Name: Armature
  m_TagString: Untagged
  m_Icon: {fileID: 0}
  m_NavMeshLayer: 0
  m_StaticEditorFlags: 0
  m_IsActive: 1
--- !u!1 &1119784814919582
GameObject:
  m_ObjectHideFlags: 1
  m_PrefabParentObject: {fileID: 0}
  m_PrefabInternal: {fileID: 100100000}
  serializedVersion: 5
  m_Component:
  - component: {fileID: 4530496025191474}
  m_Layer: 0
  m_Name: Index02.L_end
  m_TagString: Untagged
  m_Icon: {fileID: 0}
  m_NavMeshLayer: 0
  m_StaticEditorFlags: 0
  m_IsActive: 1
--- !u!1 &1144542966917820
GameObject:
  m_ObjectHideFlags: 0
  m_PrefabParentObject: {fileID: 0}
  m_PrefabInternal: {fileID: 100100000}
  serializedVersion: 5
  m_Component:
  - component: {fileID: 4166518757293970}
  - component: {fileID: 137989009798528852}
  m_Layer: 0
  m_Name: Cylinder
  m_TagString: Untagged
  m_Icon: {fileID: 0}
  m_NavMeshLayer: 0
  m_StaticEditorFlags: 0
  m_IsActive: 1
--- !u!1 &1160635777808574
GameObject:
  m_ObjectHideFlags: 0
  m_PrefabParentObject: {fileID: 0}
  m_PrefabInternal: {fileID: 100100000}
  serializedVersion: 5
  m_Component:
  - component: {fileID: 4223223789609884}
  - component: {fileID: 137284909251005878}
  m_Layer: 0
  m_Name: Shield
  m_TagString: Untagged
  m_Icon: {fileID: 0}
  m_NavMeshLayer: 0
  m_StaticEditorFlags: 0
  m_IsActive: 0
--- !u!1 &1167305519954618
GameObject:
  m_ObjectHideFlags: 1
  m_PrefabParentObject: {fileID: 0}
  m_PrefabInternal: {fileID: 100100000}
  serializedVersion: 5
  m_Component:
  - component: {fileID: 4037619617155866}
  m_Layer: 0
  m_Name: Hips
  m_TagString: Untagged
  m_Icon: {fileID: 0}
  m_NavMeshLayer: 0
  m_StaticEditorFlags: 0
  m_IsActive: 1
--- !u!1 &1191053118574258
GameObject:
  m_ObjectHideFlags: 1
  m_PrefabParentObject: {fileID: 0}
  m_PrefabInternal: {fileID: 100100000}
  serializedVersion: 5
  m_Component:
  - component: {fileID: 4352842234107402}
  m_Layer: 0
  m_Name: Pinky01.L
  m_TagString: Untagged
  m_Icon: {fileID: 0}
  m_NavMeshLayer: 0
  m_StaticEditorFlags: 0
  m_IsActive: 1
--- !u!1 &1192801513328912
GameObject:
  m_ObjectHideFlags: 1
  m_PrefabParentObject: {fileID: 0}
  m_PrefabInternal: {fileID: 100100000}
  serializedVersion: 5
  m_Component:
  - component: {fileID: 4601069410577952}
  m_Layer: 0
  m_Name: Foot.L
  m_TagString: Untagged
  m_Icon: {fileID: 0}
  m_NavMeshLayer: 0
  m_StaticEditorFlags: 0
  m_IsActive: 1
--- !u!1 &1209620664756408
GameObject:
  m_ObjectHideFlags: 1
  m_PrefabParentObject: {fileID: 0}
  m_PrefabInternal: {fileID: 100100000}
  serializedVersion: 5
  m_Component:
  - component: {fileID: 4869708293647528}
  m_Layer: 0
  m_Name: Arm lower.L
  m_TagString: Untagged
  m_Icon: {fileID: 0}
  m_NavMeshLayer: 0
  m_StaticEditorFlags: 0
  m_IsActive: 1
--- !u!1 &1226197235831450
GameObject:
  m_ObjectHideFlags: 1
  m_PrefabParentObject: {fileID: 0}
  m_PrefabInternal: {fileID: 100100000}
  serializedVersion: 5
  m_Component:
  - component: {fileID: 4637246992008746}
  m_Layer: 0
  m_Name: Arm upper.R
  m_TagString: Untagged
  m_Icon: {fileID: 0}
  m_NavMeshLayer: 0
  m_StaticEditorFlags: 0
  m_IsActive: 1
--- !u!1 &1240319709520720
GameObject:
  m_ObjectHideFlags: 1
  m_PrefabParentObject: {fileID: 0}
  m_PrefabInternal: {fileID: 100100000}
  serializedVersion: 5
  m_Component:
  - component: {fileID: 4799461049895086}
  m_Layer: 0
  m_Name: Leg lower.L
  m_TagString: Untagged
  m_Icon: {fileID: 0}
  m_NavMeshLayer: 0
  m_StaticEditorFlags: 0
  m_IsActive: 1
--- !u!1 &1249216488858416
GameObject:
  m_ObjectHideFlags: 1
  m_PrefabParentObject: {fileID: 0}
  m_PrefabInternal: {fileID: 100100000}
  serializedVersion: 5
  m_Component:
  - component: {fileID: 4049157943959192}
  m_Layer: 0
  m_Name: MiddleFinger01.L
  m_TagString: Untagged
  m_Icon: {fileID: 0}
  m_NavMeshLayer: 0
  m_StaticEditorFlags: 0
  m_IsActive: 1
--- !u!1 &1280417252875624
GameObject:
  m_ObjectHideFlags: 1
  m_PrefabParentObject: {fileID: 0}
  m_PrefabInternal: {fileID: 100100000}
  serializedVersion: 5
  m_Component:
  - component: {fileID: 4627235306577300}
  m_Layer: 0
  m_Name: Thumb01.R
  m_TagString: Untagged
  m_Icon: {fileID: 0}
  m_NavMeshLayer: 0
  m_StaticEditorFlags: 0
  m_IsActive: 1
--- !u!1 &1289490134122246
GameObject:
  m_ObjectHideFlags: 1
  m_PrefabParentObject: {fileID: 0}
  m_PrefabInternal: {fileID: 100100000}
  serializedVersion: 5
  m_Component:
  - component: {fileID: 4608346305984792}
  m_Layer: 0
  m_Name: Shoulder.L
  m_TagString: Untagged
  m_Icon: {fileID: 0}
  m_NavMeshLayer: 0
  m_StaticEditorFlags: 0
  m_IsActive: 1
--- !u!1 &1290973997822558
GameObject:
  m_ObjectHideFlags: 1
  m_PrefabParentObject: {fileID: 0}
  m_PrefabInternal: {fileID: 100100000}
  serializedVersion: 5
  m_Component:
  - component: {fileID: 4981340468255174}
  m_Layer: 0
  m_Name: RingFinger02.L
  m_TagString: Untagged
  m_Icon: {fileID: 0}
  m_NavMeshLayer: 0
  m_StaticEditorFlags: 0
  m_IsActive: 1
--- !u!1 &1300845320428340
GameObject:
  m_ObjectHideFlags: 1
  m_PrefabParentObject: {fileID: 0}
  m_PrefabInternal: {fileID: 100100000}
  serializedVersion: 5
  m_Component:
  - component: {fileID: 4430102710901128}
  m_Layer: 0
  m_Name: Thumb02.R
  m_TagString: Untagged
  m_Icon: {fileID: 0}
  m_NavMeshLayer: 0
  m_StaticEditorFlags: 0
  m_IsActive: 1
--- !u!1 &1324256454325882
GameObject:
  m_ObjectHideFlags: 1
  m_PrefabParentObject: {fileID: 0}
  m_PrefabInternal: {fileID: 100100000}
  serializedVersion: 5
  m_Component:
  - component: {fileID: 4595026585468972}
  m_Layer: 0
  m_Name: Fingers02.R
  m_TagString: Untagged
  m_Icon: {fileID: 0}
  m_NavMeshLayer: 0
  m_StaticEditorFlags: 0
  m_IsActive: 1
--- !u!1 &1327286389131154
GameObject:
  m_ObjectHideFlags: 0
  m_PrefabParentObject: {fileID: 0}
  m_PrefabInternal: {fileID: 100100000}
  serializedVersion: 5
  m_Component:
  - component: {fileID: 4803631471668584}
  - component: {fileID: 137754542495023272}
  m_Layer: 0
  m_Name: Pants
  m_TagString: Untagged
  m_Icon: {fileID: 0}
  m_NavMeshLayer: 0
  m_StaticEditorFlags: 0
  m_IsActive: 1
--- !u!1 &1328921045904118
GameObject:
  m_ObjectHideFlags: 1
  m_PrefabParentObject: {fileID: 0}
  m_PrefabInternal: {fileID: 100100000}
  serializedVersion: 5
  m_Component:
  - component: {fileID: 4716063377706898}
  m_Layer: 0
  m_Name: MiddleFinger01.R
  m_TagString: Untagged
  m_Icon: {fileID: 0}
  m_NavMeshLayer: 0
  m_StaticEditorFlags: 0
  m_IsActive: 1
--- !u!1 &1340248636465676
GameObject:
  m_ObjectHideFlags: 1
  m_PrefabParentObject: {fileID: 0}
  m_PrefabInternal: {fileID: 100100000}
  serializedVersion: 5
  m_Component:
  - component: {fileID: 4258195809803506}
  m_Layer: 0
  m_Name: Chest
  m_TagString: Untagged
  m_Icon: {fileID: 0}
  m_NavMeshLayer: 0
  m_StaticEditorFlags: 0
  m_IsActive: 1
--- !u!1 &1354464557087622
GameObject:
  m_ObjectHideFlags: 1
  m_PrefabParentObject: {fileID: 0}
  m_PrefabInternal: {fileID: 100100000}
  serializedVersion: 5
  m_Component:
  - component: {fileID: 4761178743006084}
  m_Layer: 0
  m_Name: Toes.L
  m_TagString: Untagged
  m_Icon: {fileID: 0}
  m_NavMeshLayer: 0
  m_StaticEditorFlags: 0
  m_IsActive: 1
--- !u!1 &1361033196385376
GameObject:
  m_ObjectHideFlags: 1
  m_PrefabParentObject: {fileID: 0}
  m_PrefabInternal: {fileID: 100100000}
  serializedVersion: 5
  m_Component:
  - component: {fileID: 4607260145944632}
  m_Layer: 0
  m_Name: Pinky02.L_end
  m_TagString: Untagged
  m_Icon: {fileID: 0}
  m_NavMeshLayer: 0
  m_StaticEditorFlags: 0
  m_IsActive: 1
--- !u!1 &1371770182903950
GameObject:
  m_ObjectHideFlags: 1
  m_PrefabParentObject: {fileID: 0}
  m_PrefabInternal: {fileID: 100100000}
  serializedVersion: 5
  m_Component:
  - component: {fileID: 4913542449380882}
  m_Layer: 0
  m_Name: Knee target.R
  m_TagString: Untagged
  m_Icon: {fileID: 0}
  m_NavMeshLayer: 0
  m_StaticEditorFlags: 0
  m_IsActive: 1
--- !u!1 &1386219590370516
GameObject:
  m_ObjectHideFlags: 1
  m_PrefabParentObject: {fileID: 0}
  m_PrefabInternal: {fileID: 100100000}
  serializedVersion: 5
  m_Component:
  - component: {fileID: 4640167623379220}
  m_Layer: 0
  m_Name: Toes.R_end
  m_TagString: Untagged
  m_Icon: {fileID: 0}
  m_NavMeshLayer: 0
  m_StaticEditorFlags: 0
  m_IsActive: 1
--- !u!1 &1425184802379854
GameObject:
  m_ObjectHideFlags: 1
  m_PrefabParentObject: {fileID: 0}
  m_PrefabInternal: {fileID: 100100000}
  serializedVersion: 5
  m_Component:
  - component: {fileID: 4844338570923250}
  m_Layer: 0
  m_Name: Pinky02.R
  m_TagString: Untagged
  m_Icon: {fileID: 0}
  m_NavMeshLayer: 0
  m_StaticEditorFlags: 0
  m_IsActive: 1
--- !u!1 &1425285049122282
GameObject:
  m_ObjectHideFlags: 1
  m_PrefabParentObject: {fileID: 0}
  m_PrefabInternal: {fileID: 100100000}
  serializedVersion: 5
  m_Component:
  - component: {fileID: 4620923811578674}
  m_Layer: 0
  m_Name: MiddleFinger02.R
  m_TagString: Untagged
  m_Icon: {fileID: 0}
  m_NavMeshLayer: 0
  m_StaticEditorFlags: 0
  m_IsActive: 1
--- !u!1 &1432897852990518
GameObject:
  m_ObjectHideFlags: 1
  m_PrefabParentObject: {fileID: 0}
  m_PrefabInternal: {fileID: 100100000}
  serializedVersion: 5
  m_Component:
  - component: {fileID: 4434382839593460}
  m_Layer: 0
  m_Name: Fingers02.L
  m_TagString: Untagged
  m_Icon: {fileID: 0}
  m_NavMeshLayer: 0
  m_StaticEditorFlags: 0
  m_IsActive: 1
--- !u!1 &1486422341523492
GameObject:
  m_ObjectHideFlags: 1
  m_PrefabParentObject: {fileID: 0}
  m_PrefabInternal: {fileID: 100100000}
  serializedVersion: 5
  m_Component:
  - component: {fileID: 4532687127714718}
  m_Layer: 0
  m_Name: Index01.L
  m_TagString: Untagged
  m_Icon: {fileID: 0}
  m_NavMeshLayer: 0
  m_StaticEditorFlags: 0
  m_IsActive: 1
--- !u!1 &1489759741318142
GameObject:
  m_ObjectHideFlags: 1
  m_PrefabParentObject: {fileID: 0}
  m_PrefabInternal: {fileID: 100100000}
  serializedVersion: 5
  m_Component:
  - component: {fileID: 4087906244354180}
  m_Layer: 0
  m_Name: Knee target.R_end
  m_TagString: Untagged
  m_Icon: {fileID: 0}
  m_NavMeshLayer: 0
  m_StaticEditorFlags: 0
  m_IsActive: 1
--- !u!1 &1491653490418544
GameObject:
  m_ObjectHideFlags: 1
  m_PrefabParentObject: {fileID: 0}
  m_PrefabInternal: {fileID: 100100000}
  serializedVersion: 5
  m_Component:
  - component: {fileID: 4045080320988134}
  m_Layer: 0
  m_Name: Toes.R
  m_TagString: Untagged
  m_Icon: {fileID: 0}
  m_NavMeshLayer: 0
  m_StaticEditorFlags: 0
  m_IsActive: 1
--- !u!1 &1492115420415836
GameObject:
  m_ObjectHideFlags: 1
  m_PrefabParentObject: {fileID: 0}
  m_PrefabInternal: {fileID: 100100000}
  serializedVersion: 5
  m_Component:
  - component: {fileID: 4482310538459610}
  m_Layer: 0
  m_Name: RingFinger02.R_end
  m_TagString: Untagged
  m_Icon: {fileID: 0}
  m_NavMeshLayer: 0
  m_StaticEditorFlags: 0
  m_IsActive: 1
--- !u!1 &1497929575913538
GameObject:
  m_ObjectHideFlags: 1
  m_PrefabParentObject: {fileID: 0}
  m_PrefabInternal: {fileID: 100100000}
  serializedVersion: 5
  m_Component:
  - component: {fileID: 4111134197283368}
  m_Layer: 0
  m_Name: Thumb02.L_end
  m_TagString: Untagged
  m_Icon: {fileID: 0}
  m_NavMeshLayer: 0
  m_StaticEditorFlags: 0
  m_IsActive: 1
--- !u!1 &1506765480971624
GameObject:
  m_ObjectHideFlags: 1
  m_PrefabParentObject: {fileID: 0}
  m_PrefabInternal: {fileID: 100100000}
  serializedVersion: 5
  m_Component:
  - component: {fileID: 4667370433026894}
  m_Layer: 0
  m_Name: Leg Upper.R
  m_TagString: Untagged
  m_Icon: {fileID: 0}
  m_NavMeshLayer: 0
  m_StaticEditorFlags: 0
  m_IsActive: 1
--- !u!1 &1531706894682148
GameObject:
  m_ObjectHideFlags: 1
  m_PrefabParentObject: {fileID: 0}
  m_PrefabInternal: {fileID: 100100000}
  serializedVersion: 5
  m_Component:
  - component: {fileID: 4444010480470538}
  m_Layer: 0
  m_Name: Pinky02.L
  m_TagString: Untagged
  m_Icon: {fileID: 0}
  m_NavMeshLayer: 0
  m_StaticEditorFlags: 0
  m_IsActive: 1
--- !u!1 &1534344915366508
GameObject:
  m_ObjectHideFlags: 1
  m_PrefabParentObject: {fileID: 0}
  m_PrefabInternal: {fileID: 100100000}
  serializedVersion: 5
  m_Component:
  - component: {fileID: 4399035810809800}
  m_Layer: 0
  m_Name: Pinky02.R_end
  m_TagString: Untagged
  m_Icon: {fileID: 0}
  m_NavMeshLayer: 0
  m_StaticEditorFlags: 0
  m_IsActive: 1
--- !u!1 &1544591049458360
GameObject:
  m_ObjectHideFlags: 1
  m_PrefabParentObject: {fileID: 0}
  m_PrefabInternal: {fileID: 100100000}
  serializedVersion: 5
  m_Component:
  - component: {fileID: 4476830745423010}
  m_Layer: 0
  m_Name: Pinky01.R
  m_TagString: Untagged
  m_Icon: {fileID: 0}
  m_NavMeshLayer: 0
  m_StaticEditorFlags: 0
  m_IsActive: 1
--- !u!1 &1549586504144058
GameObject:
  m_ObjectHideFlags: 1
  m_PrefabParentObject: {fileID: 0}
  m_PrefabInternal: {fileID: 100100000}
  serializedVersion: 5
  m_Component:
  - component: {fileID: 4309184310811694}
  m_Layer: 0
  m_Name: Leg ik.L_end
  m_TagString: Untagged
  m_Icon: {fileID: 0}
  m_NavMeshLayer: 0
  m_StaticEditorFlags: 0
  m_IsActive: 1
--- !u!1 &1551838365301220
GameObject:
  m_ObjectHideFlags: 1
  m_PrefabParentObject: {fileID: 0}
  m_PrefabInternal: {fileID: 100100000}
  serializedVersion: 5
  m_Component:
  - component: {fileID: 4783656132709186}
  m_Layer: 0
  m_Name: Thumb02.R_end
  m_TagString: Untagged
  m_Icon: {fileID: 0}
  m_NavMeshLayer: 0
  m_StaticEditorFlags: 0
  m_IsActive: 1
--- !u!1 &1568981747202076
GameObject:
  m_ObjectHideFlags: 1
  m_PrefabParentObject: {fileID: 0}
  m_PrefabInternal: {fileID: 100100000}
  serializedVersion: 5
  m_Component:
  - component: {fileID: 4014244806363570}
  m_Layer: 0
  m_Name: Index02.L
  m_TagString: Untagged
  m_Icon: {fileID: 0}
  m_NavMeshLayer: 0
  m_StaticEditorFlags: 0
  m_IsActive: 1
--- !u!1 &1585668625658506
GameObject:
  m_ObjectHideFlags: 1
  m_PrefabParentObject: {fileID: 0}
  m_PrefabInternal: {fileID: 100100000}
  serializedVersion: 5
  m_Component:
  - component: {fileID: 4939175969150622}
  m_Layer: 0
  m_Name: Head_end
  m_TagString: Untagged
  m_Icon: {fileID: 0}
  m_NavMeshLayer: 0
  m_StaticEditorFlags: 0
  m_IsActive: 1
--- !u!1 &1594332212840306
GameObject:
  m_ObjectHideFlags: 1
  m_PrefabParentObject: {fileID: 0}
  m_PrefabInternal: {fileID: 100100000}
  serializedVersion: 5
  m_Component:
  - component: {fileID: 4979938443107422}
  m_Layer: 0
  m_Name: Head
  m_TagString: Untagged
  m_Icon: {fileID: 0}
  m_NavMeshLayer: 0
  m_StaticEditorFlags: 0
  m_IsActive: 1
--- !u!1 &1598608723804520
GameObject:
  m_ObjectHideFlags: 1
  m_PrefabParentObject: {fileID: 0}
  m_PrefabInternal: {fileID: 100100000}
  serializedVersion: 5
  m_Component:
  - component: {fileID: 4702691425602368}
  m_Layer: 0
  m_Name: RingFinger02.R
  m_TagString: Untagged
  m_Icon: {fileID: 0}
  m_NavMeshLayer: 0
  m_StaticEditorFlags: 0
  m_IsActive: 1
--- !u!1 &1603327264404820
GameObject:
  m_ObjectHideFlags: 0
  m_PrefabParentObject: {fileID: 0}
  m_PrefabInternal: {fileID: 100100000}
  serializedVersion: 5
  m_Component:
  - component: {fileID: 4037012167658276}
  - component: {fileID: 95574148016179270}
  - component: {fileID: 114715539503186678}
  m_Layer: 0
  m_Name: Hero
  m_TagString: Untagged
  m_Icon: {fileID: 0}
  m_NavMeshLayer: 0
  m_StaticEditorFlags: 0
  m_IsActive: 1
--- !u!1 &1627277490894732
GameObject:
  m_ObjectHideFlags: 1
  m_PrefabParentObject: {fileID: 0}
  m_PrefabInternal: {fileID: 100100000}
  serializedVersion: 5
  m_Component:
  - component: {fileID: 4131238459899020}
  m_Layer: 0
  m_Name: Fingers01.L
  m_TagString: Untagged
  m_Icon: {fileID: 0}
  m_NavMeshLayer: 0
  m_StaticEditorFlags: 0
  m_IsActive: 1
--- !u!1 &1666168468592760
GameObject:
  m_ObjectHideFlags: 1
  m_PrefabParentObject: {fileID: 0}
  m_PrefabInternal: {fileID: 100100000}
  serializedVersion: 5
  m_Component:
  - component: {fileID: 4128441357657912}
  m_Layer: 0
  m_Name: Thumb02.L
  m_TagString: Untagged
  m_Icon: {fileID: 0}
  m_NavMeshLayer: 0
  m_StaticEditorFlags: 0
  m_IsActive: 1
--- !u!1 &1674761990133342
GameObject:
  m_ObjectHideFlags: 1
  m_PrefabParentObject: {fileID: 0}
  m_PrefabInternal: {fileID: 100100000}
  serializedVersion: 5
  m_Component:
  - component: {fileID: 4256926084906900}
  m_Layer: 0
  m_Name: Foot.R
  m_TagString: Untagged
  m_Icon: {fileID: 0}
  m_NavMeshLayer: 0
  m_StaticEditorFlags: 0
  m_IsActive: 1
--- !u!1 &1697057028425120
GameObject:
  m_ObjectHideFlags: 1
  m_PrefabParentObject: {fileID: 0}
  m_PrefabInternal: {fileID: 100100000}
  serializedVersion: 5
  m_Component:
  - component: {fileID: 4762552118826138}
  m_Layer: 0
  m_Name: Leg ik.R_end
  m_TagString: Untagged
  m_Icon: {fileID: 0}
  m_NavMeshLayer: 0
  m_StaticEditorFlags: 0
  m_IsActive: 1
--- !u!1 &1712415186399616
GameObject:
  m_ObjectHideFlags: 1
  m_PrefabParentObject: {fileID: 0}
  m_PrefabInternal: {fileID: 100100000}
  serializedVersion: 5
  m_Component:
  - component: {fileID: 4104966746723068}
  m_Layer: 0
  m_Name: Leg ik.R
  m_TagString: Untagged
  m_Icon: {fileID: 0}
  m_NavMeshLayer: 0
  m_StaticEditorFlags: 0
  m_IsActive: 1
--- !u!1 &1717995133629060
GameObject:
  m_ObjectHideFlags: 1
  m_PrefabParentObject: {fileID: 0}
  m_PrefabInternal: {fileID: 100100000}
  serializedVersion: 5
  m_Component:
  - component: {fileID: 4959264328009180}
  m_Layer: 0
  m_Name: Knee target.L
  m_TagString: Untagged
  m_Icon: {fileID: 0}
  m_NavMeshLayer: 0
  m_StaticEditorFlags: 0
  m_IsActive: 1
--- !u!1 &1718674057222478
GameObject:
  m_ObjectHideFlags: 1
  m_PrefabParentObject: {fileID: 0}
  m_PrefabInternal: {fileID: 100100000}
  serializedVersion: 5
  m_Component:
  - component: {fileID: 4554755369473448}
  m_Layer: 0
  m_Name: Thumb01.L
  m_TagString: Untagged
  m_Icon: {fileID: 0}
  m_NavMeshLayer: 0
  m_StaticEditorFlags: 0
  m_IsActive: 1
--- !u!1 &1720957682835244
GameObject:
  m_ObjectHideFlags: 1
  m_PrefabParentObject: {fileID: 0}
  m_PrefabInternal: {fileID: 100100000}
  serializedVersion: 5
  m_Component:
  - component: {fileID: 4907812060221406}
  m_Layer: 0
  m_Name: Leg ik.L
  m_TagString: Untagged
  m_Icon: {fileID: 0}
  m_NavMeshLayer: 0
  m_StaticEditorFlags: 0
  m_IsActive: 1
--- !u!1 &1802569504693834
GameObject:
  m_ObjectHideFlags: 1
  m_PrefabParentObject: {fileID: 0}
  m_PrefabInternal: {fileID: 100100000}
  serializedVersion: 5
  m_Component:
  - component: {fileID: 4219329988101116}
  m_Layer: 0
  m_Name: Fingers02.L_end
  m_TagString: Untagged
  m_Icon: {fileID: 0}
  m_NavMeshLayer: 0
  m_StaticEditorFlags: 0
  m_IsActive: 1
--- !u!1 &1803545333874092
GameObject:
  m_ObjectHideFlags: 0
  m_PrefabParentObject: {fileID: 0}
  m_PrefabInternal: {fileID: 100100000}
  serializedVersion: 5
  m_Component:
  - component: {fileID: 4292140082434832}
  - component: {fileID: 137496574197464174}
  m_Layer: 0
  m_Name: Helmet
  m_TagString: Untagged
  m_Icon: {fileID: 0}
  m_NavMeshLayer: 0
  m_StaticEditorFlags: 0
  m_IsActive: 1
--- !u!1 &1850252500935080
GameObject:
  m_ObjectHideFlags: 1
  m_PrefabParentObject: {fileID: 0}
  m_PrefabInternal: {fileID: 100100000}
  serializedVersion: 5
  m_Component:
  - component: {fileID: 4267619056046128}
  m_Layer: 0
  m_Name: Leg Upper.L
  m_TagString: Untagged
  m_Icon: {fileID: 0}
  m_NavMeshLayer: 0
  m_StaticEditorFlags: 0
  m_IsActive: 1
--- !u!1 &1851020023198280
GameObject:
  m_ObjectHideFlags: 1
  m_PrefabParentObject: {fileID: 0}
  m_PrefabInternal: {fileID: 100100000}
  serializedVersion: 5
  m_Component:
  - component: {fileID: 4245584052021146}
  m_Layer: 0
  m_Name: Index02.R_end
  m_TagString: Untagged
  m_Icon: {fileID: 0}
  m_NavMeshLayer: 0
  m_StaticEditorFlags: 0
  m_IsActive: 1
--- !u!1 &1874985492758408
GameObject:
  m_ObjectHideFlags: 1
  m_PrefabParentObject: {fileID: 0}
  m_PrefabInternal: {fileID: 100100000}
  serializedVersion: 5
  m_Component:
  - component: {fileID: 4673708710966812}
  m_Layer: 0
  m_Name: RingFinger01.R
  m_TagString: Untagged
  m_Icon: {fileID: 0}
  m_NavMeshLayer: 0
  m_StaticEditorFlags: 0
  m_IsActive: 1
--- !u!1 &1901517891799226
GameObject:
  m_ObjectHideFlags: 1
  m_PrefabParentObject: {fileID: 0}
  m_PrefabInternal: {fileID: 100100000}
  serializedVersion: 5
  m_Component:
  - component: {fileID: 4236806490557982}
  m_Layer: 0
  m_Name: Toes.L_end
  m_TagString: Untagged
  m_Icon: {fileID: 0}
  m_NavMeshLayer: 0
  m_StaticEditorFlags: 0
  m_IsActive: 1
--- !u!1 &1910792284106052
GameObject:
  m_ObjectHideFlags: 0
  m_PrefabParentObject: {fileID: 0}
  m_PrefabInternal: {fileID: 100100000}
  serializedVersion: 5
  m_Component:
  - component: {fileID: 4515185156757954}
  - component: {fileID: 137561916966024234}
  m_Layer: 0
  m_Name: Sword
  m_TagString: Untagged
  m_Icon: {fileID: 0}
  m_NavMeshLayer: 0
  m_StaticEditorFlags: 0
  m_IsActive: 0
--- !u!1 &1914919550067158
GameObject:
  m_ObjectHideFlags: 1
  m_PrefabParentObject: {fileID: 0}
  m_PrefabInternal: {fileID: 100100000}
  serializedVersion: 5
  m_Component:
  - component: {fileID: 4826102980483944}
  m_Layer: 0
  m_Name: RingFinger02.L_end
  m_TagString: Untagged
  m_Icon: {fileID: 0}
  m_NavMeshLayer: 0
  m_StaticEditorFlags: 0
  m_IsActive: 1
--- !u!1 &1920481385353688
GameObject:
  m_ObjectHideFlags: 1
  m_PrefabParentObject: {fileID: 0}
  m_PrefabInternal: {fileID: 100100000}
  serializedVersion: 5
  m_Component:
  - component: {fileID: 4142422808604270}
  m_Layer: 0
  m_Name: MiddleFinger02.R_end
  m_TagString: Untagged
  m_Icon: {fileID: 0}
  m_NavMeshLayer: 0
  m_StaticEditorFlags: 0
  m_IsActive: 1
--- !u!1 &1929985025013894
GameObject:
  m_ObjectHideFlags: 1
  m_PrefabParentObject: {fileID: 0}
  m_PrefabInternal: {fileID: 100100000}
  serializedVersion: 5
  m_Component:
  - component: {fileID: 4141806891393634}
  m_Layer: 0
  m_Name: Fingers02.R_end
  m_TagString: Untagged
  m_Icon: {fileID: 0}
  m_NavMeshLayer: 0
  m_StaticEditorFlags: 0
  m_IsActive: 1
--- !u!1 &1943093508004316
GameObject:
  m_ObjectHideFlags: 1
  m_PrefabParentObject: {fileID: 0}
  m_PrefabInternal: {fileID: 100100000}
  serializedVersion: 5
  m_Component:
  - component: {fileID: 4667532423860886}
  m_Layer: 0
  m_Name: Neck
  m_TagString: Untagged
  m_Icon: {fileID: 0}
  m_NavMeshLayer: 0
  m_StaticEditorFlags: 0
  m_IsActive: 1
--- !u!1 &1943802842236304
GameObject:
  m_ObjectHideFlags: 1
  m_PrefabParentObject: {fileID: 0}
  m_PrefabInternal: {fileID: 100100000}
  serializedVersion: 5
  m_Component:
  - component: {fileID: 4538448769390280}
  m_Layer: 0
  m_Name: MiddleFinger02.L_end
  m_TagString: Untagged
  m_Icon: {fileID: 0}
  m_NavMeshLayer: 0
  m_StaticEditorFlags: 0
  m_IsActive: 1
--- !u!1 &1944421377810410
GameObject:
  m_ObjectHideFlags: 1
  m_PrefabParentObject: {fileID: 0}
  m_PrefabInternal: {fileID: 100100000}
  serializedVersion: 5
  m_Component:
  - component: {fileID: 4578537271956518}
  m_Layer: 0
  m_Name: Hand.R
  m_TagString: Untagged
  m_Icon: {fileID: 0}
  m_NavMeshLayer: 0
  m_StaticEditorFlags: 0
  m_IsActive: 1
--- !u!1 &1945064555110480
GameObject:
  m_ObjectHideFlags: 1
  m_PrefabParentObject: {fileID: 0}
  m_PrefabInternal: {fileID: 100100000}
  serializedVersion: 5
  m_Component:
  - component: {fileID: 4744983508140534}
  m_Layer: 0
  m_Name: Index02.R
  m_TagString: Untagged
  m_Icon: {fileID: 0}
  m_NavMeshLayer: 0
  m_StaticEditorFlags: 0
  m_IsActive: 1
--- !u!1 &1969470569895586
GameObject:
  m_ObjectHideFlags: 1
  m_PrefabParentObject: {fileID: 0}
  m_PrefabInternal: {fileID: 100100000}
  serializedVersion: 5
  m_Component:
  - component: {fileID: 4282779413174838}
  m_Layer: 0
  m_Name: MiddleFinger02.L
  m_TagString: Untagged
  m_Icon: {fileID: 0}
  m_NavMeshLayer: 0
  m_StaticEditorFlags: 0
  m_IsActive: 1
--- !u!1 &1972074861318722
GameObject:
  m_ObjectHideFlags: 1
  m_PrefabParentObject: {fileID: 0}
  m_PrefabInternal: {fileID: 100100000}
  serializedVersion: 5
  m_Component:
  - component: {fileID: 4974884264260584}
  m_Layer: 0
  m_Name: Spine
  m_TagString: Untagged
  m_Icon: {fileID: 0}
  m_NavMeshLayer: 0
  m_StaticEditorFlags: 0
  m_IsActive: 1
--- !u!1 &1976469243467270
GameObject:
  m_ObjectHideFlags: 1
  m_PrefabParentObject: {fileID: 0}
  m_PrefabInternal: {fileID: 100100000}
  serializedVersion: 5
  m_Component:
  - component: {fileID: 4987510709004512}
  m_Layer: 0
  m_Name: Index01.R
  m_TagString: Untagged
  m_Icon: {fileID: 0}
  m_NavMeshLayer: 0
  m_StaticEditorFlags: 0
  m_IsActive: 1
--- !u!4 &4014244806363570
Transform:
  m_ObjectHideFlags: 1
  m_PrefabParentObject: {fileID: 0}
  m_PrefabInternal: {fileID: 100100000}
  m_GameObject: {fileID: 1568981747202076}
  m_LocalRotation: {x: 0.0054957424, y: -0.046009567, z: 0.9223022, w: 0.38368177}
  m_LocalPosition: {x: -5.587935e-10, y: 0.00045304946, z: 4.6566126e-11}
  m_LocalScale: {x: 1, y: 0.9999999, z: 1}
  m_Children:
  - {fileID: 4530496025191474}
  m_Father: {fileID: 4532687127714718}
  m_RootOrder: 0
  m_LocalEulerAnglesHint: {x: 0, y: 0, z: 0}
--- !u!4 &4036001574249004
Transform:
  m_ObjectHideFlags: 1
  m_PrefabParentObject: {fileID: 0}
  m_PrefabInternal: {fileID: 100100000}
  m_GameObject: {fileID: 1004444568373752}
  m_LocalRotation: {x: 0.01656505, y: 0.0051778285, z: 0.29829153, w: 0.95431703}
  m_LocalPosition: {x: -3.1838937e-10, y: 0.0014978056, z: -2.338723e-11}
  m_LocalScale: {x: 1, y: 0.99999994, z: 1}
  m_Children:
  - {fileID: 4869708293647528}
  m_Father: {fileID: 4608346305984792}
  m_RootOrder: 0
  m_LocalEulerAnglesHint: {x: 0, y: 0, z: 0}
--- !u!4 &4037012167658276
Transform:
  m_ObjectHideFlags: 1
  m_PrefabParentObject: {fileID: 0}
  m_PrefabInternal: {fileID: 100100000}
  m_GameObject: {fileID: 1603327264404820}
  m_LocalRotation: {x: 0, y: 0.7071068, z: 0, w: 0.7071068}
  m_LocalPosition: {x: 2.472, y: -0.177, z: -8.725}
  m_LocalScale: {x: 1, y: 1, z: 1}
  m_Children:
  - {fileID: 4834877343062214}
  - {fileID: 4166518757293970}
  - {fileID: 4292140082434832}
  - {fileID: 4803631471668584}
  - {fileID: 4948146163524196}
  - {fileID: 4336323183962612}
  - {fileID: 4223223789609884}
  - {fileID: 4515185156757954}
  m_Father: {fileID: 0}
  m_RootOrder: 0
  m_LocalEulerAnglesHint: {x: 0, y: 90, z: 0}
--- !u!4 &4037619617155866
Transform:
  m_ObjectHideFlags: 1
  m_PrefabParentObject: {fileID: 0}
  m_PrefabInternal: {fileID: 100100000}
  m_GameObject: {fileID: 1167305519954618}
  m_LocalRotation: {x: 0.74842227, y: 0.006057127, z: -0.0068358975, w: 0.6631596}
  m_LocalPosition: {x: -0.000028326143, y: 0.000013093574, z: 0.009426904}
  m_LocalScale: {x: 1, y: 0.99999994, z: 1}
  m_Children:
  - {fileID: 4267619056046128}
  - {fileID: 4667370433026894}
  - {fileID: 4974884264260584}
  m_Father: {fileID: 4834877343062214}
  m_RootOrder: 0
  m_LocalEulerAnglesHint: {x: 0, y: 0, z: 0}
--- !u!4 &4045080320988134
Transform:
  m_ObjectHideFlags: 1
  m_PrefabParentObject: {fileID: 0}
  m_PrefabInternal: {fileID: 100100000}
  m_GameObject: {fileID: 1491653490418544}
  m_LocalRotation: {x: 0.11657092, y: 0.0000018840631, z: 0.00000024133413, w: 0.99318236}
  m_LocalPosition: {x: -3.5224493e-11, y: 0.0012195387, z: 1.990827e-11}
  m_LocalScale: {x: 1, y: 1.0000001, z: 1}
  m_Children:
  - {fileID: 4640167623379220}
  m_Father: {fileID: 4256926084906900}
  m_RootOrder: 0
  m_LocalEulerAnglesHint: {x: 0, y: 0, z: 0}
--- !u!4 &4049157943959192
Transform:
  m_ObjectHideFlags: 1
  m_PrefabParentObject: {fileID: 0}
  m_PrefabInternal: {fileID: 100100000}
  m_GameObject: {fileID: 1249216488858416}
  m_LocalRotation: {x: 0.03435015, y: 0.037264306, z: 0.61730033, w: 0.7850935}
  m_LocalPosition: {x: 0.000044024022, y: 0.0007959784, z: 0.00006108906}
  m_LocalScale: {x: 1.0000001, y: 0.9999999, z: 0.9999998}
  m_Children:
  - {fileID: 4282779413174838}
  m_Father: {fileID: 4623120551713726}
  m_RootOrder: 2
  m_LocalEulerAnglesHint: {x: 0, y: 0, z: 0}
--- !u!4 &4087906244354180
Transform:
  m_ObjectHideFlags: 1
  m_PrefabParentObject: {fileID: 0}
  m_PrefabInternal: {fileID: 100100000}
  m_GameObject: {fileID: 1489759741318142}
  m_LocalRotation: {x: 0, y: -0, z: -0, w: 1}
  m_LocalPosition: {x: -0, y: 0.0017573317, z: 0}
  m_LocalScale: {x: 1, y: 1, z: 1}
  m_Children: []
  m_Father: {fileID: 4913542449380882}
  m_RootOrder: 0
  m_LocalEulerAnglesHint: {x: 0, y: 0, z: 0}
--- !u!4 &4104966746723068
Transform:
  m_ObjectHideFlags: 1
  m_PrefabParentObject: {fileID: 0}
  m_PrefabInternal: {fileID: 100100000}
  m_GameObject: {fileID: 1712415186399616}
  m_LocalRotation: {x: -0.000000007454982, y: 0.9999878, z: -0.004950397, w: -0.0000015059178}
  m_LocalPosition: {x: 0.0014772397, y: 0.00061485916, z: 0.00036581498}
  m_LocalScale: {x: 1, y: 1.0000004, z: 1}
  m_Children:
  - {fileID: 4762552118826138}
  m_Father: {fileID: 4834877343062214}
  m_RootOrder: 4
  m_LocalEulerAnglesHint: {x: 0, y: 0, z: 0}
--- !u!4 &4111134197283368
Transform:
  m_ObjectHideFlags: 1
  m_PrefabParentObject: {fileID: 0}
  m_PrefabInternal: {fileID: 100100000}
  m_GameObject: {fileID: 1497929575913538}
  m_LocalRotation: {x: 0, y: -0, z: -0, w: 1}
  m_LocalPosition: {x: -0, y: 0.00060357625, z: 0}
  m_LocalScale: {x: 1, y: 1, z: 1}
  m_Children: []
  m_Father: {fileID: 4128441357657912}
  m_RootOrder: 0
  m_LocalEulerAnglesHint: {x: 0, y: 0, z: 0}
--- !u!4 &4127341138454150
Transform:
  m_ObjectHideFlags: 1
  m_PrefabParentObject: {fileID: 0}
  m_PrefabInternal: {fileID: 100100000}
  m_GameObject: {fileID: 1061622302821924}
  m_LocalRotation: {x: 0.08307649, y: -0.19370496, z: -0.47617733, w: 0.8537165}
  m_LocalPosition: {x: 2.485701e-10, y: 0.00071106566, z: 0}
  m_LocalScale: {x: 1.0000001, y: 1, z: 1}
  m_Children:
  - {fileID: 4595026585468972}
  m_Father: {fileID: 4578537271956518}
  m_RootOrder: 0
  m_LocalEulerAnglesHint: {x: 0, y: 0, z: 0}
--- !u!4 &4128441357657912
Transform:
  m_ObjectHideFlags: 1
  m_PrefabParentObject: {fileID: 0}
  m_PrefabInternal: {fileID: 100100000}
  m_GameObject: {fileID: 1666168468592760}
  m_LocalRotation: {x: -0.25403497, y: -0.22164382, z: -0.1207977, w: 0.9336746}
  m_LocalPosition: {x: 2.5917588e-11, y: 0.00039143956, z: 0}
  m_LocalScale: {x: 0.9999999, y: 1, z: 1}
  m_Children:
  - {fileID: 4111134197283368}
  m_Father: {fileID: 4554755369473448}
  m_RootOrder: 0
  m_LocalEulerAnglesHint: {x: 0, y: 0, z: 0}
--- !u!4 &4131238459899020
Transform:
  m_ObjectHideFlags: 1
  m_PrefabParentObject: {fileID: 0}
  m_PrefabInternal: {fileID: 100100000}
  m_GameObject: {fileID: 1627277490894732}
  m_LocalRotation: {x: 0.08307654, y: 0.19370495, z: 0.4761774, w: 0.85371643}
  m_LocalPosition: {x: -5.6513827e-10, y: 0.0007110649, z: -3.352761e-10}
  m_LocalScale: {x: 1, y: 1, z: 1}
  m_Children:
  - {fileID: 4434382839593460}
  m_Father: {fileID: 4623120551713726}
  m_RootOrder: 0
  m_LocalEulerAnglesHint: {x: 0, y: 0, z: 0}
--- !u!4 &4141806891393634
Transform:
  m_ObjectHideFlags: 1
  m_PrefabParentObject: {fileID: 0}
  m_PrefabInternal: {fileID: 100100000}
  m_GameObject: {fileID: 1929985025013894}
  m_LocalRotation: {x: 0, y: -0, z: -0, w: 1}
  m_LocalPosition: {x: -0, y: 0.00066488, z: 0}
  m_LocalScale: {x: 1, y: 1, z: 1}
  m_Children: []
  m_Father: {fileID: 4595026585468972}
  m_RootOrder: 0
  m_LocalEulerAnglesHint: {x: 0, y: 0, z: 0}
--- !u!4 &4142422808604270
Transform:
  m_ObjectHideFlags: 1
  m_PrefabParentObject: {fileID: 0}
  m_PrefabInternal: {fileID: 100100000}
  m_GameObject: {fileID: 1920481385353688}
  m_LocalRotation: {x: 0, y: -0, z: -0, w: 1}
  m_LocalPosition: {x: -0, y: 0.00055321684, z: 0}
  m_LocalScale: {x: 1, y: 1, z: 1}
  m_Children: []
  m_Father: {fileID: 4620923811578674}
  m_RootOrder: 0
  m_LocalEulerAnglesHint: {x: 0, y: 0, z: 0}
--- !u!4 &4166518757293970
Transform:
  m_ObjectHideFlags: 1
  m_PrefabParentObject: {fileID: 0}
  m_PrefabInternal: {fileID: 100100000}
  m_GameObject: {fileID: 1144542966917820}
  m_LocalRotation: {x: -0.7071068, y: 0, z: -0, w: 0.7071067}
  m_LocalPosition: {x: -0, y: 0, z: 0}
  m_LocalScale: {x: 100, y: 100, z: 100}
  m_Children: []
  m_Father: {fileID: 4037012167658276}
  m_RootOrder: 1
  m_LocalEulerAnglesHint: {x: 0, y: 0, z: 0}
--- !u!4 &4219329988101116
Transform:
  m_ObjectHideFlags: 1
  m_PrefabParentObject: {fileID: 0}
  m_PrefabInternal: {fileID: 100100000}
  m_GameObject: {fileID: 1802569504693834}
  m_LocalRotation: {x: 0, y: -0, z: -0, w: 1}
  m_LocalPosition: {x: -0, y: 0.00066488, z: 0}
  m_LocalScale: {x: 1, y: 1, z: 1}
  m_Children: []
  m_Father: {fileID: 4434382839593460}
  m_RootOrder: 0
  m_LocalEulerAnglesHint: {x: 0, y: 0, z: 0}
--- !u!4 &4223223789609884
Transform:
  m_ObjectHideFlags: 1
  m_PrefabParentObject: {fileID: 0}
  m_PrefabInternal: {fileID: 100100000}
  m_GameObject: {fileID: 1160635777808574}
  m_LocalRotation: {x: -0.59239125, y: -0.27857262, z: -0.45522, w: 0.60352695}
  m_LocalPosition: {x: -0.3994386, y: 0.9145825, z: 0.08252424}
  m_LocalScale: {x: 100, y: 100, z: 100}
  m_Children: []
  m_Father: {fileID: 4037012167658276}
  m_RootOrder: 6
  m_LocalEulerAnglesHint: {x: 0, y: 0, z: 0}
--- !u!4 &4235909523179836
Transform:
  m_ObjectHideFlags: 1
  m_PrefabParentObject: {fileID: 0}
  m_PrefabInternal: {fileID: 100100000}
  m_GameObject: {fileID: 1056493400461228}
  m_LocalRotation: {x: 0, y: -0, z: -0, w: 1}
  m_LocalPosition: {x: -0, y: 0.0017573317, z: 0}
  m_LocalScale: {x: 1, y: 1, z: 1}
  m_Children: []
  m_Father: {fileID: 4959264328009180}
  m_RootOrder: 0
  m_LocalEulerAnglesHint: {x: 0, y: 0, z: 0}
--- !u!4 &4236806490557982
Transform:
  m_ObjectHideFlags: 1
  m_PrefabParentObject: {fileID: 0}
  m_PrefabInternal: {fileID: 100100000}
  m_GameObject: {fileID: 1901517891799226}
  m_LocalRotation: {x: 0, y: -0, z: -0, w: 1}
  m_LocalPosition: {x: -0, y: 0.0006092831, z: 0}
  m_LocalScale: {x: 1, y: 1, z: 1}
  m_Children: []
  m_Father: {fileID: 4761178743006084}
  m_RootOrder: 0
  m_LocalEulerAnglesHint: {x: 0, y: 0, z: 0}
--- !u!4 &4245584052021146
Transform:
  m_ObjectHideFlags: 1
  m_PrefabParentObject: {fileID: 0}
  m_PrefabInternal: {fileID: 100100000}
  m_GameObject: {fileID: 1851020023198280}
  m_LocalRotation: {x: 0, y: -0, z: -0, w: 1}
  m_LocalPosition: {x: -0, y: 0.00050365884, z: 0}
  m_LocalScale: {x: 1, y: 1, z: 1}
  m_Children: []
  m_Father: {fileID: 4744983508140534}
  m_RootOrder: 0
  m_LocalEulerAnglesHint: {x: 0, y: 0, z: 0}
--- !u!4 &4256926084906900
Transform:
  m_ObjectHideFlags: 1
  m_PrefabParentObject: {fileID: 0}
  m_PrefabInternal: {fileID: 100100000}
  m_GameObject: {fileID: 1674761990133342}
  m_LocalRotation: {x: 0.65079856, y: -0.0029852435, z: -0.025203379, w: 0.75882614}
  m_LocalPosition: {x: 1.268927e-10, y: 0.0046694204, z: -9.778887e-11}
  m_LocalScale: {x: 1.0000075, y: 0.99998504, z: 1.0000225}
  m_Children:
  - {fileID: 4045080320988134}
  m_Father: {fileID: 4555216311785970}
  m_RootOrder: 0
  m_LocalEulerAnglesHint: {x: 0, y: 0, z: 0}
--- !u!4 &4258195809803506
Transform:
  m_ObjectHideFlags: 1
  m_PrefabParentObject: {fileID: 0}
  m_PrefabInternal: {fileID: 100100000}
  m_GameObject: {fileID: 1340248636465676}
  m_LocalRotation: {x: 0.09506363, y: -0.0007805801, z: 0.0072086644, w: 0.99544483}
  m_LocalPosition: {x: -4.4848457e-12, y: 0.0017818561, z: 2.2560015e-10}
  m_LocalScale: {x: 0.99999994, y: 1, z: 1}
  m_Children:
  - {fileID: 4667532423860886}
  - {fileID: 4608346305984792}
  - {fileID: 4818069326234838}
  m_Father: {fileID: 4974884264260584}
  m_RootOrder: 0
  m_LocalEulerAnglesHint: {x: 0, y: 0, z: 0}
--- !u!4 &4267619056046128
Transform:
  m_ObjectHideFlags: 1
  m_PrefabParentObject: {fileID: 0}
  m_PrefabInternal: {fileID: 100100000}
  m_GameObject: {fileID: 1850252500935080}
  m_LocalRotation: {x: -0.013421074, y: 0.04414167, z: 0.99881786, w: 0.015309483}
  m_LocalPosition: {x: -0.0010273157, y: 0.00009279646, z: -0.0000065172085}
  m_LocalScale: {x: 1.0000076, y: 1.0000011, z: 1.0000552}
  m_Children:
  - {fileID: 4799461049895086}
  m_Father: {fileID: 4037619617155866}
  m_RootOrder: 0
  m_LocalEulerAnglesHint: {x: 0, y: 0, z: 0}
--- !u!4 &4282779413174838
Transform:
  m_ObjectHideFlags: 1
  m_PrefabParentObject: {fileID: 0}
  m_PrefabInternal: {fileID: 100100000}
  m_GameObject: {fileID: 1969470569895586}
  m_LocalRotation: {x: 0.072306365, y: -0.06814848, z: 0.8634505, w: 0.49455106}
  m_LocalPosition: {x: 3.9115547e-10, y: 0.0005184232, z: -1.1641532e-10}
  m_LocalScale: {x: 0.9999998, y: 0.99999976, z: 0.9999998}
  m_Children:
  - {fileID: 4538448769390280}
  m_Father: {fileID: 4049157943959192}
  m_RootOrder: 0
  m_LocalEulerAnglesHint: {x: 0, y: 0, z: 0}
--- !u!4 &4292140082434832
Transform:
  m_ObjectHideFlags: 1
  m_PrefabParentObject: {fileID: 0}
  m_PrefabInternal: {fileID: 100100000}
  m_GameObject: {fileID: 1803545333874092}
  m_LocalRotation: {x: -0.7071068, y: 0, z: -0, w: 0.7071067}
  m_LocalPosition: {x: -0, y: 0, z: 0}
  m_LocalScale: {x: 100, y: 100, z: 100}
  m_Children: []
  m_Father: {fileID: 4037012167658276}
  m_RootOrder: 2
  m_LocalEulerAnglesHint: {x: 0, y: 0, z: 0}
--- !u!4 &4309184310811694
Transform:
  m_ObjectHideFlags: 1
  m_PrefabParentObject: {fileID: 0}
  m_PrefabInternal: {fileID: 100100000}
  m_GameObject: {fileID: 1549586504144058}
  m_LocalRotation: {x: 0, y: -0, z: -0, w: 1}
  m_LocalPosition: {x: -0, y: 0.0010629796, z: 0}
  m_LocalScale: {x: 1, y: 1, z: 1}
  m_Children: []
  m_Father: {fileID: 4907812060221406}
  m_RootOrder: 0
  m_LocalEulerAnglesHint: {x: 0, y: 0, z: 0}
--- !u!4 &4336323183962612
Transform:
  m_ObjectHideFlags: 1
  m_PrefabParentObject: {fileID: 0}
  m_PrefabInternal: {fileID: 100100000}
  m_GameObject: {fileID: 1044409589677296}
  m_LocalRotation: {x: -0.7071068, y: 0, z: -0, w: 0.7071067}
  m_LocalPosition: {x: -0, y: 0, z: 0}
  m_LocalScale: {x: 100, y: 100, z: 100}
  m_Children: []
  m_Father: {fileID: 4037012167658276}
  m_RootOrder: 5
  m_LocalEulerAnglesHint: {x: 0, y: 0, z: 0}
--- !u!4 &4352842234107402
Transform:
  m_ObjectHideFlags: 1
  m_PrefabParentObject: {fileID: 0}
  m_PrefabInternal: {fileID: 100100000}
  m_GameObject: {fileID: 1191053118574258}
  m_LocalRotation: {x: 0.10930061, y: 0.03430873, z: 0.5400999, w: 0.8337676}
  m_LocalPosition: {x: 0.000059205013, y: 0.00078839366, z: -0.0003339323}
  m_LocalScale: {x: 0.99999994, y: 1, z: 1.0000001}
  m_Children:
  - {fileID: 4444010480470538}
  m_Father: {fileID: 4623120551713726}
  m_RootOrder: 3
  m_LocalEulerAnglesHint: {x: 0, y: 0, z: 0}
--- !u!4 &4399035810809800
Transform:
  m_ObjectHideFlags: 1
  m_PrefabParentObject: {fileID: 0}
  m_PrefabInternal: {fileID: 100100000}
  m_GameObject: {fileID: 1534344915366508}
  m_LocalRotation: {x: 0, y: -0, z: -0, w: 1}
  m_LocalPosition: {x: -0, y: 0.00047550915, z: 0}
  m_LocalScale: {x: 1, y: 1, z: 1}
  m_Children: []
  m_Father: {fileID: 4844338570923250}
  m_RootOrder: 0
  m_LocalEulerAnglesHint: {x: 0, y: 0, z: 0}
--- !u!4 &4401814002426034
Transform:
  m_ObjectHideFlags: 1
  m_PrefabParentObject: {fileID: 0}
  m_PrefabInternal: {fileID: 100100000}
  m_GameObject: {fileID: 1021946491755306}
  m_LocalRotation: {x: 0.10520999, y: 0.024872364, z: 0.597996, w: 0.79417443}
  m_LocalPosition: {x: 0.00005277994, y: 0.0007989405, z: -0.00015366147}
  m_LocalScale: {x: 1, y: 0.9999999, z: 0.9999998}
  m_Children:
  - {fileID: 4981340468255174}
  m_Father: {fileID: 4623120551713726}
  m_RootOrder: 4
  m_LocalEulerAnglesHint: {x: 0, y: 0, z: 0}
--- !u!4 &4430102710901128
Transform:
  m_ObjectHideFlags: 1
  m_PrefabParentObject: {fileID: 0}
  m_PrefabInternal: {fileID: 100100000}
  m_GameObject: {fileID: 1300845320428340}
  m_LocalRotation: {x: -0.25403503, y: 0.22164388, z: 0.12079776, w: 0.9336746}
  m_LocalPosition: {x: -3.5836215e-10, y: 0.00039143823, z: 1.4901161e-10}
  m_LocalScale: {x: 0.99999994, y: 0.99999994, z: 1}
  m_Children:
  - {fileID: 4783656132709186}
  m_Father: {fileID: 4627235306577300}
  m_RootOrder: 0
  m_LocalEulerAnglesHint: {x: 0, y: 0, z: 0}
--- !u!4 &4434382839593460
Transform:
  m_ObjectHideFlags: 1
  m_PrefabParentObject: {fileID: 0}
  m_PrefabInternal: {fileID: 100100000}
  m_GameObject: {fileID: 1432897852990518}
  m_LocalRotation: {x: -0.16562274, y: -0.0052251406, z: 0.9527384, w: 0.25462008}
  m_LocalPosition: {x: -1.5701858e-10, y: 0.00047707526, z: 7.4505804e-11}
  m_LocalScale: {x: 1.0000005, y: 1.0000004, z: 1.0000001}
  m_Children:
  - {fileID: 4219329988101116}
  m_Father: {fileID: 4131238459899020}
  m_RootOrder: 0
  m_LocalEulerAnglesHint: {x: 0, y: 0, z: 0}
--- !u!4 &4444010480470538
Transform:
  m_ObjectHideFlags: 1
  m_PrefabParentObject: {fileID: 0}
  m_PrefabInternal: {fileID: 100100000}
  m_GameObject: {fileID: 1531706894682148}
  m_LocalRotation: {x: -0.03176139, y: 0.042339887, z: 0.8163688, w: 0.5751004}
  m_LocalPosition: {x: -1.862645e-10, y: 0.00040270886, z: 8.8475643e-11}
  m_LocalScale: {x: 1, y: 1, z: 1}
  m_Children:
  - {fileID: 4607260145944632}
  m_Father: {fileID: 4352842234107402}
  m_RootOrder: 0
  m_LocalEulerAnglesHint: {x: 0, y: 0, z: 0}
--- !u!4 &4476830745423010
Transform:
  m_ObjectHideFlags: 1
  m_PrefabParentObject: {fileID: 0}
  m_PrefabInternal: {fileID: 100100000}
  m_GameObject: {fileID: 1544591049458360}
  m_LocalRotation: {x: 0.0997695, y: -0.05630047, z: -0.35479322, w: 0.92789984}
  m_LocalPosition: {x: -0.000059205027, y: 0.00078839494, z: -0.00033393214}
  m_LocalScale: {x: 1.0000001, y: 0.99999994, z: 1}
  m_Children:
  - {fileID: 4844338570923250}
  m_Father: {fileID: 4578537271956518}
  m_RootOrder: 3
  m_LocalEulerAnglesHint: {x: 0, y: 0, z: 0}
--- !u!4 &4482310538459610
Transform:
  m_ObjectHideFlags: 1
  m_PrefabParentObject: {fileID: 0}
  m_PrefabInternal: {fileID: 100100000}
  m_GameObject: {fileID: 1492115420415836}
  m_LocalRotation: {x: 0, y: -0, z: -0, w: 1}
  m_LocalPosition: {x: -0, y: 0.0004881521, z: 0}
  m_LocalScale: {x: 1, y: 1, z: 1}
  m_Children: []
  m_Father: {fileID: 4702691425602368}
  m_RootOrder: 0
  m_LocalEulerAnglesHint: {x: 0, y: 0, z: 0}
--- !u!4 &4515185156757954
Transform:
  m_ObjectHideFlags: 1
  m_PrefabParentObject: {fileID: 0}
  m_PrefabInternal: {fileID: 100100000}
  m_GameObject: {fileID: 1910792284106052}
  m_LocalRotation: {x: 0.5525691, y: 0.44121128, z: -0.552569, w: -0.44121143}
  m_LocalPosition: {x: 0.38388872, y: 0.94737065, z: 0.2849251}
  m_LocalScale: {x: 8.592702, y: 5.5400906, z: 1.1955059}
  m_Children: []
  m_Father: {fileID: 4037012167658276}
  m_RootOrder: 7
  m_LocalEulerAnglesHint: {x: 0, y: 0, z: 0}
--- !u!4 &4530496025191474
Transform:
  m_ObjectHideFlags: 1
  m_PrefabParentObject: {fileID: 0}
  m_PrefabInternal: {fileID: 100100000}
  m_GameObject: {fileID: 1119784814919582}
  m_LocalRotation: {x: 0, y: -0, z: -0, w: 1}
  m_LocalPosition: {x: -0, y: 0.00050365884, z: 0}
  m_LocalScale: {x: 1, y: 1, z: 1}
  m_Children: []
  m_Father: {fileID: 4014244806363570}
  m_RootOrder: 0
  m_LocalEulerAnglesHint: {x: 0, y: 0, z: 0}
--- !u!4 &4532687127714718
Transform:
  m_ObjectHideFlags: 1
  m_PrefabParentObject: {fileID: 0}
  m_PrefabInternal: {fileID: 100100000}
  m_GameObject: {fileID: 1486422341523492}
  m_LocalRotation: {x: 0.11356222, y: 0.011401968, z: 0.54501617, w: 0.8306209}
  m_LocalPosition: {x: 0.00002639983, y: 0.00072581304, z: 0.00026189047}
  m_LocalScale: {x: 0.99999994, y: 1, z: 1.0000002}
  m_Children:
  - {fileID: 4014244806363570}
  m_Father: {fileID: 4623120551713726}
  m_RootOrder: 1
  m_LocalEulerAnglesHint: {x: 0, y: 0, z: 0}
--- !u!4 &4538448769390280
Transform:
  m_ObjectHideFlags: 1
  m_PrefabParentObject: {fileID: 0}
  m_PrefabInternal: {fileID: 100100000}
  m_GameObject: {fileID: 1943802842236304}
  m_LocalRotation: {x: 0, y: -0, z: -0, w: 1}
  m_LocalPosition: {x: -0, y: 0.00055321684, z: 0}
  m_LocalScale: {x: 1, y: 1, z: 1}
  m_Children: []
  m_Father: {fileID: 4282779413174838}
  m_RootOrder: 0
  m_LocalEulerAnglesHint: {x: 0, y: 0, z: 0}
--- !u!4 &4554755369473448
Transform:
  m_ObjectHideFlags: 1
  m_PrefabParentObject: {fileID: 0}
  m_PrefabInternal: {fileID: 100100000}
  m_GameObject: {fileID: 1718674057222478}
  m_LocalRotation: {x: 0.19754873, y: 0.176072, z: 0.31988487, w: 0.909751}
  m_LocalPosition: {x: -0.00007432845, y: 0.00005552504, z: 0.00028656184}
  m_LocalScale: {x: 1, y: 1.0000001, z: 1}
  m_Children:
  - {fileID: 4128441357657912}
  m_Father: {fileID: 4623120551713726}
  m_RootOrder: 5
  m_LocalEulerAnglesHint: {x: 0, y: 0, z: 0}
--- !u!4 &4555216311785970
Transform:
  m_ObjectHideFlags: 1
  m_PrefabParentObject: {fileID: 0}
  m_PrefabInternal: {fileID: 100100000}
  m_GameObject: {fileID: 1050102575209910}
  m_LocalRotation: {x: -0.030707322, y: 0.0002005094, z: -0.0030592221, w: 0.9995237}
  m_LocalPosition: {x: 2.0227162e-10, y: 0.0045374744, z: 8.381903e-11}
  m_LocalScale: {x: 0.99999976, y: 1, z: 1.0000002}
  m_Children:
  - {fileID: 4256926084906900}
  m_Father: {fileID: 4667370433026894}
  m_RootOrder: 0
  m_LocalEulerAnglesHint: {x: 0, y: 0, z: 0}
--- !u!4 &4578537271956518
Transform:
  m_ObjectHideFlags: 1
  m_PrefabParentObject: {fileID: 0}
  m_PrefabInternal: {fileID: 100100000}
  m_GameObject: {fileID: 1944421377810410}
  m_LocalRotation: {x: -0.022635022, y: 0.0021266188, z: 0.0065938737, w: 0.9997198}
  m_LocalPosition: {x: -8.9406965e-10, y: 0.0029959944, z: -4.842877e-10}
  m_LocalScale: {x: 1, y: 0.99999994, z: 0.99999994}
  m_Children:
  - {fileID: 4127341138454150}
  - {fileID: 4987510709004512}
  - {fileID: 4716063377706898}
  - {fileID: 4476830745423010}
  - {fileID: 4673708710966812}
  - {fileID: 4627235306577300}
  m_Father: {fileID: 4657865551953406}
  m_RootOrder: 0
  m_LocalEulerAnglesHint: {x: 0, y: 0, z: 0}
--- !u!4 &4595026585468972
Transform:
  m_ObjectHideFlags: 1
  m_PrefabParentObject: {fileID: 0}
  m_PrefabInternal: {fileID: 100100000}
  m_GameObject: {fileID: 1324256454325882}
  m_LocalRotation: {x: 0.16562274, y: -0.005225029, z: 0.95273834, w: -0.2546203}
  m_LocalPosition: {x: 8.1573376e-10, y: 0.00047707543, z: -4.4703483e-10}
  m_LocalScale: {x: 1, y: 1.0000001, z: 1.0000001}
  m_Children:
  - {fileID: 4141806891393634}
  m_Father: {fileID: 4127341138454150}
  m_RootOrder: 0
  m_LocalEulerAnglesHint: {x: 0, y: 0, z: 0}
--- !u!4 &4601069410577952
Transform:
  m_ObjectHideFlags: 1
  m_PrefabParentObject: {fileID: 0}
  m_PrefabInternal: {fileID: 100100000}
  m_GameObject: {fileID: 1192801513328912}
  m_LocalRotation: {x: 0.6507965, y: 0.0029875254, z: 0.025205027, w: 0.7588279}
  m_LocalPosition: {x: 5.937181e-11, y: 0.0046694204, z: -7.916242e-11}
  m_LocalScale: {x: 1.0000038, y: 0.9999719, z: 1.0000448}
  m_Children:
  - {fileID: 4761178743006084}
  m_Father: {fileID: 4799461049895086}
  m_RootOrder: 0
  m_LocalEulerAnglesHint: {x: 0, y: 0, z: 0}
--- !u!4 &4607260145944632
Transform:
  m_ObjectHideFlags: 1
  m_PrefabParentObject: {fileID: 0}
  m_PrefabInternal: {fileID: 100100000}
  m_GameObject: {fileID: 1361033196385376}
  m_LocalRotation: {x: 0, y: -0, z: -0, w: 1}
  m_LocalPosition: {x: -0, y: 0.00047550915, z: 0}
  m_LocalScale: {x: 1, y: 1, z: 1}
  m_Children: []
  m_Father: {fileID: 4444010480470538}
  m_RootOrder: 0
  m_LocalEulerAnglesHint: {x: 0, y: 0, z: 0}
--- !u!4 &4608346305984792
Transform:
  m_ObjectHideFlags: 1
  m_PrefabParentObject: {fileID: 0}
  m_PrefabInternal: {fileID: 100100000}
  m_GameObject: {fileID: 1289490134122246}
  m_LocalRotation: {x: 0.002876974, y: -0.0056347894, z: 0.8906147, w: 0.45471475}
  m_LocalPosition: {x: -0.0007426793, y: 0.0029458918, z: -0.00022860126}
  m_LocalScale: {x: 1, y: 1, z: 0.99999994}
  m_Children:
  - {fileID: 4036001574249004}
  m_Father: {fileID: 4258195809803506}
  m_RootOrder: 1
  m_LocalEulerAnglesHint: {x: 0, y: 0, z: 0}
--- !u!4 &4620923811578674
Transform:
  m_ObjectHideFlags: 1
  m_PrefabParentObject: {fileID: 0}
  m_PrefabInternal: {fileID: 100100000}
  m_GameObject: {fileID: 1425285049122282}
  m_LocalRotation: {x: -0.072306395, y: -0.06814855, z: 0.8634504, w: -0.4945513}
  m_LocalPosition: {x: 1.2805686e-10, y: 0.0005184235, z: 3.8184225e-10}
  m_LocalScale: {x: 1, y: 0.9999999, z: 1.0000001}
  m_Children:
  - {fileID: 4142422808604270}
  m_Father: {fileID: 4716063377706898}
  m_RootOrder: 0
  m_LocalEulerAnglesHint: {x: 0, y: 0, z: 0}
--- !u!4 &4623120551713726
Transform:
  m_ObjectHideFlags: 1
  m_PrefabParentObject: {fileID: 0}
  m_PrefabInternal: {fileID: 100100000}
  m_GameObject: {fileID: 1021314079338756}
  m_LocalRotation: {x: -0.02263507, y: -0.002126628, z: -0.006593914, w: 0.9997198}
  m_LocalPosition: {x: 5.913764e-10, y: 0.0029959923, z: -2.9802322e-10}
  m_LocalScale: {x: 0.99999994, y: 0.99999994, z: 0.99999994}
  m_Children:
  - {fileID: 4131238459899020}
  - {fileID: 4532687127714718}
  - {fileID: 4049157943959192}
  - {fileID: 4352842234107402}
  - {fileID: 4401814002426034}
  - {fileID: 4554755369473448}
  m_Father: {fileID: 4869708293647528}
  m_RootOrder: 0
  m_LocalEulerAnglesHint: {x: 0, y: 0, z: 0}
--- !u!4 &4627235306577300
Transform:
  m_ObjectHideFlags: 1
  m_PrefabParentObject: {fileID: 0}
  m_PrefabInternal: {fileID: 100100000}
  m_GameObject: {fileID: 1280417252875624}
  m_LocalRotation: {x: 0.19754876, y: -0.176072, z: -0.3198849, w: 0.90975094}
  m_LocalPosition: {x: 0.00007432813, y: 0.000055525787, z: 0.00028656228}
  m_LocalScale: {x: 1, y: 1.0000001, z: 1}
  m_Children:
  - {fileID: 4430102710901128}
  m_Father: {fileID: 4578537271956518}
  m_RootOrder: 5
  m_LocalEulerAnglesHint: {x: 0, y: 0, z: 0}
--- !u!4 &4637246992008746
Transform:
  m_ObjectHideFlags: 1
  m_PrefabParentObject: {fileID: 0}
  m_PrefabInternal: {fileID: 100100000}
  m_GameObject: {fileID: 1226197235831450}
  m_LocalRotation: {x: 0.016565057, y: -0.00517783, z: -0.29829147, w: 0.95431703}
  m_LocalPosition: {x: -6.4866296e-10, y: 0.0014978056, z: -1.3637873e-11}
  m_LocalScale: {x: 1, y: 0.9999999, z: 1}
  m_Children:
  - {fileID: 4657865551953406}
  m_Father: {fileID: 4818069326234838}
  m_RootOrder: 0
  m_LocalEulerAnglesHint: {x: 0, y: 0, z: 0}
--- !u!4 &4640167623379220
Transform:
  m_ObjectHideFlags: 1
  m_PrefabParentObject: {fileID: 0}
  m_PrefabInternal: {fileID: 100100000}
  m_GameObject: {fileID: 1386219590370516}
  m_LocalRotation: {x: 0, y: -0, z: -0, w: 1}
  m_LocalPosition: {x: -0, y: 0.0006092831, z: 0}
  m_LocalScale: {x: 1, y: 1, z: 1}
  m_Children: []
  m_Father: {fileID: 4045080320988134}
  m_RootOrder: 0
  m_LocalEulerAnglesHint: {x: 0, y: 0, z: 0}
--- !u!4 &4657865551953406
Transform:
  m_ObjectHideFlags: 1
  m_PrefabParentObject: {fileID: 0}
  m_PrefabInternal: {fileID: 100100000}
  m_GameObject: {fileID: 1083208401358402}
  m_LocalRotation: {x: 0.14937541, y: 0.002625383, z: 0.014055091, w: 0.9886772}
  m_LocalPosition: {x: 5.993722e-10, y: 0.0026851585, z: -2.3283064e-12}
  m_LocalScale: {x: 0.99999994, y: 1, z: 1}
  m_Children:
  - {fileID: 4578537271956518}
  m_Father: {fileID: 4637246992008746}
  m_RootOrder: 0
  m_LocalEulerAnglesHint: {x: 0, y: 0, z: 0}
--- !u!4 &4667370433026894
Transform:
  m_ObjectHideFlags: 1
  m_PrefabParentObject: {fileID: 0}
  m_PrefabInternal: {fileID: 100100000}
  m_GameObject: {fileID: 1506765480971624}
  m_LocalRotation: {x: 0.014736792, y: 0.043818507, z: 0.99836856, w: -0.033510085}
  m_LocalPosition: {x: 0.0010798797, y: 0.00013101294, z: -0.000011150846}
  m_LocalScale: {x: 1.0000176, y: 1.0000007, z: 1.0000281}
  m_Children:
  - {fileID: 4555216311785970}
  m_Father: {fileID: 4037619617155866}
  m_RootOrder: 1
  m_LocalEulerAnglesHint: {x: 0, y: 0, z: 0}
--- !u!4 &4667532423860886
Transform:
  m_ObjectHideFlags: 1
  m_PrefabParentObject: {fileID: 0}
  m_PrefabInternal: {fileID: 100100000}
  m_GameObject: {fileID: 1943093508004316}
  m_LocalRotation: {x: 0.053938314, y: -0.00010540888, z: -0.0025522858, w: 0.998541}
  m_LocalPosition: {x: -1.39992505e-11, y: 0.0032088463, z: 1.8626753e-11}
  m_LocalScale: {x: 1, y: 1, z: 1.0000001}
  m_Children:
  - {fileID: 4979938443107422}
  m_Father: {fileID: 4258195809803506}
  m_RootOrder: 0
  m_LocalEulerAnglesHint: {x: 0, y: 0, z: 0}
--- !u!4 &4673708710966812
Transform:
  m_ObjectHideFlags: 1
  m_PrefabParentObject: {fileID: 0}
  m_PrefabInternal: {fileID: 100100000}
  m_GameObject: {fileID: 1874985492758408}
  m_LocalRotation: {x: 0.0963349, y: -0.049064875, z: -0.39305812, w: 0.9131361}
  m_LocalPosition: {x: -0.00005278025, y: 0.0007989426, z: -0.00015366121}
  m_LocalScale: {x: 1, y: 0.99999994, z: 0.9999998}
  m_Children:
  - {fileID: 4702691425602368}
  m_Father: {fileID: 4578537271956518}
  m_RootOrder: 4
  m_LocalEulerAnglesHint: {x: 0, y: 0, z: 0}
--- !u!4 &4702691425602368
Transform:
  m_ObjectHideFlags: 1
  m_PrefabParentObject: {fileID: 0}
  m_PrefabInternal: {fileID: 100100000}
  m_GameObject: {fileID: 1598608723804520}
  m_LocalRotation: {x: 0.01935121, y: -0.04151404, z: -0.8600498, w: 0.5081501}
  m_LocalPosition: {x: -1.4901161e-10, y: 0.0005062375, z: 9.313225e-11}
  m_LocalScale: {x: 0.99999994, y: 0.99999994, z: 1}
  m_Children:
  - {fileID: 4482310538459610}
  m_Father: {fileID: 4673708710966812}
  m_RootOrder: 0
  m_LocalEulerAnglesHint: {x: 0, y: 0, z: 0}
--- !u!4 &4716063377706898
Transform:
  m_ObjectHideFlags: 1
  m_PrefabParentObject: {fileID: 0}
  m_PrefabInternal: {fileID: 100100000}
  m_GameObject: {fileID: 1328921045904118}
  m_LocalRotation: {x: 0.024115013, y: -0.04457608, z: -0.40494162, w: 0.91293687}
  m_LocalPosition: {x: -0.000044024044, y: 0.0007959791, z: 0.000061089544}
  m_LocalScale: {x: 1, y: 1, z: 0.9999998}
  m_Children:
  - {fileID: 4620923811578674}
  m_Father: {fileID: 4578537271956518}
  m_RootOrder: 2
  m_LocalEulerAnglesHint: {x: 0, y: 0, z: 0}
--- !u!4 &4744983508140534
Transform:
  m_ObjectHideFlags: 1
  m_PrefabParentObject: {fileID: 0}
  m_PrefabInternal: {fileID: 100100000}
  m_GameObject: {fileID: 1945064555110480}
  m_LocalRotation: {x: -0.0054958137, y: -0.046009585, z: 0.92230207, w: -0.38368186}
  m_LocalPosition: {x: -1.11758706e-10, y: 0.00045304958, z: -3.0733643e-10}
  m_LocalScale: {x: 1.0000001, y: 1.0000001, z: 1}
  m_Children:
  - {fileID: 4245584052021146}
  m_Father: {fileID: 4987510709004512}
  m_RootOrder: 0
  m_LocalEulerAnglesHint: {x: 0, y: 0, z: 0}
--- !u!4 &4761178743006084
Transform:
  m_ObjectHideFlags: 1
  m_PrefabParentObject: {fileID: 0}
  m_PrefabInternal: {fileID: 100100000}
  m_GameObject: {fileID: 1354464557087622}
  m_LocalRotation: {x: 0.11657193, y: 0.0000017320707, z: 0.00000025939576, w: 0.99318224}
  m_LocalPosition: {x: -9.7670094e-11, y: 0.0012195286, z: -4.9169557e-11}
  m_LocalScale: {x: 1, y: 1, z: 1}
  m_Children:
  - {fileID: 4236806490557982}
  m_Father: {fileID: 4601069410577952}
  m_RootOrder: 0
  m_LocalEulerAnglesHint: {x: 0, y: 0, z: 0}
--- !u!4 &4762552118826138
Transform:
  m_ObjectHideFlags: 1
  m_PrefabParentObject: {fileID: 0}
  m_PrefabInternal: {fileID: 100100000}
  m_GameObject: {fileID: 1697057028425120}
  m_LocalRotation: {x: 0, y: -0, z: -0, w: 1}
  m_LocalPosition: {x: -0, y: 0.0010629796, z: 0}
  m_LocalScale: {x: 1, y: 1, z: 1}
  m_Children: []
  m_Father: {fileID: 4104966746723068}
  m_RootOrder: 0
  m_LocalEulerAnglesHint: {x: 0, y: 0, z: 0}
--- !u!4 &4783656132709186
Transform:
  m_ObjectHideFlags: 1
  m_PrefabParentObject: {fileID: 0}
  m_PrefabInternal: {fileID: 100100000}
  m_GameObject: {fileID: 1551838365301220}
  m_LocalRotation: {x: 0, y: -0, z: -0, w: 1}
  m_LocalPosition: {x: -0, y: 0.00060357625, z: 0}
  m_LocalScale: {x: 1, y: 1, z: 1}
  m_Children: []
  m_Father: {fileID: 4430102710901128}
  m_RootOrder: 0
  m_LocalEulerAnglesHint: {x: 0, y: 0, z: 0}
--- !u!4 &4799461049895086
Transform:
  m_ObjectHideFlags: 1
  m_PrefabParentObject: {fileID: 0}
  m_PrefabInternal: {fileID: 100100000}
  m_GameObject: {fileID: 1240319709520720}
  m_LocalRotation: {x: -0.030705556, y: -0.0002005118, z: 0.0030590743, w: 0.99952376}
  m_LocalPosition: {x: -2.0954757e-11, y: 0.0045374734, z: 9.3132255e-12}
  m_LocalScale: {x: 1, y: 0.99999934, z: 1}
  m_Children:
  - {fileID: 4601069410577952}
  m_Father: {fileID: 4267619056046128}
  m_RootOrder: 0
  m_LocalEulerAnglesHint: {x: 0, y: 0, z: 0}
--- !u!4 &4803631471668584
Transform:
  m_ObjectHideFlags: 1
  m_PrefabParentObject: {fileID: 0}
  m_PrefabInternal: {fileID: 100100000}
  m_GameObject: {fileID: 1327286389131154}
  m_LocalRotation: {x: -0.7071068, y: 0, z: -0, w: 0.7071067}
  m_LocalPosition: {x: -0, y: 0, z: 0}
  m_LocalScale: {x: 100, y: 100, z: 100}
  m_Children: []
  m_Father: {fileID: 4037012167658276}
  m_RootOrder: 3
  m_LocalEulerAnglesHint: {x: 0, y: 0, z: 0}
--- !u!4 &4818069326234838
Transform:
  m_ObjectHideFlags: 1
  m_PrefabParentObject: {fileID: 0}
  m_PrefabInternal: {fileID: 100100000}
  m_GameObject: {fileID: 1052168272372954}
  m_LocalRotation: {x: -0.0028481474, y: -0.0056494186, z: 0.8929262, w: -0.45015857}
  m_LocalPosition: {x: 0.0007399244, y: 0.0029383178, z: -0.00022869711}
  m_LocalScale: {x: 1.0000001, y: 0.99999994, z: 0.99999994}
  m_Children:
  - {fileID: 4637246992008746}
  m_Father: {fileID: 4258195809803506}
  m_RootOrder: 2
  m_LocalEulerAnglesHint: {x: 0, y: 0, z: 0}
--- !u!4 &4826102980483944
Transform:
  m_ObjectHideFlags: 1
  m_PrefabParentObject: {fileID: 0}
  m_PrefabInternal: {fileID: 100100000}
  m_GameObject: {fileID: 1914919550067158}
  m_LocalRotation: {x: 0, y: -0, z: -0, w: 1}
  m_LocalPosition: {x: -0, y: 0.0004881521, z: 0}
  m_LocalScale: {x: 1, y: 1, z: 1}
  m_Children: []
  m_Father: {fileID: 4981340468255174}
  m_RootOrder: 0
  m_LocalEulerAnglesHint: {x: 0, y: 0, z: 0}
--- !u!4 &4834877343062214
Transform:
  m_ObjectHideFlags: 1
  m_PrefabParentObject: {fileID: 0}
  m_PrefabInternal: {fileID: 100100000}
  m_GameObject: {fileID: 1098299892600960}
  m_LocalRotation: {x: -0.7071069, y: -0, z: -0, w: 0.70710677}
  m_LocalPosition: {x: 0, y: 0, z: 0}
  m_LocalScale: {x: 100, y: 100, z: 100}
  m_Children:
  - {fileID: 4037619617155866}
  - {fileID: 4959264328009180}
  - {fileID: 4913542449380882}
  - {fileID: 4907812060221406}
  - {fileID: 4104966746723068}
  m_Father: {fileID: 4037012167658276}
  m_RootOrder: 0
  m_LocalEulerAnglesHint: {x: 0, y: 0, z: 0}
--- !u!4 &4844338570923250
Transform:
  m_ObjectHideFlags: 1
  m_PrefabParentObject: {fileID: 0}
  m_PrefabInternal: {fileID: 100100000}
  m_GameObject: {fileID: 1425184802379854}
  m_LocalRotation: {x: -0.03176126, y: -0.04233988, z: -0.8163688, w: 0.57510054}
  m_LocalPosition: {x: -3.7252902e-11, y: 0.00040270793, z: -5.634501e-10}
  m_LocalScale: {x: 0.9999999, y: 1, z: 0.99999994}
  m_Children:
  - {fileID: 4399035810809800}
  m_Father: {fileID: 4476830745423010}
  m_RootOrder: 0
  m_LocalEulerAnglesHint: {x: 0, y: 0, z: 0}
--- !u!4 &4869708293647528
Transform:
  m_ObjectHideFlags: 1
  m_PrefabParentObject: {fileID: 0}
  m_PrefabInternal: {fileID: 100100000}
  m_GameObject: {fileID: 1209620664756408}
  m_LocalRotation: {x: 0.14937547, y: -0.0026253804, z: -0.01405512, w: 0.9886772}
  m_LocalPosition: {x: -6.007025e-10, y: 0.0026851571, z: 1.2805685e-11}
  m_LocalScale: {x: 0.99999994, y: 1.0000001, z: 1}
  m_Children:
  - {fileID: 4623120551713726}
  m_Father: {fileID: 4036001574249004}
  m_RootOrder: 0
  m_LocalEulerAnglesHint: {x: 0, y: 0, z: 0}
--- !u!4 &4907812060221406
Transform:
  m_ObjectHideFlags: 1
  m_PrefabParentObject: {fileID: 0}
  m_PrefabInternal: {fileID: 100100000}
  m_GameObject: {fileID: 1720957682835244}
  m_LocalRotation: {x: 0.000000007659149, y: 0.9999878, z: -0.004950307, w: -0.0000014647945}
  m_LocalPosition: {x: -0.0014772397, y: 0.00061485916, z: 0.00036581498}
  m_LocalScale: {x: 1, y: 1.0000004, z: 1}
  m_Children:
  - {fileID: 4309184310811694}
  m_Father: {fileID: 4834877343062214}
  m_RootOrder: 3
  m_LocalEulerAnglesHint: {x: 0, y: 0, z: 0}
--- !u!4 &4913542449380882
Transform:
  m_ObjectHideFlags: 1
  m_PrefabParentObject: {fileID: 0}
  m_PrefabInternal: {fileID: 100100000}
  m_GameObject: {fileID: 1371770182903950}
  m_LocalRotation: {x: 0.706933, y: -0.015674125, z: 0.015674112, w: 0.7069331}
  m_LocalPosition: {x: 0.0013761532, y: -0.004748515, z: 0.0052046203}
  m_LocalScale: {x: 1, y: 1, z: 1}
  m_Children:
  - {fileID: 4087906244354180}
  m_Father: {fileID: 4834877343062214}
  m_RootOrder: 2
  m_LocalEulerAnglesHint: {x: 0, y: 0, z: 0}
--- !u!4 &4939175969150622
Transform:
  m_ObjectHideFlags: 1
  m_PrefabParentObject: {fileID: 0}
  m_PrefabInternal: {fileID: 100100000}
  m_GameObject: {fileID: 1585668625658506}
  m_LocalRotation: {x: 0, y: -0, z: -0, w: 1}
  m_LocalPosition: {x: -0, y: 0.0022986706, z: 0}
  m_LocalScale: {x: 1, y: 1, z: 1}
  m_Children: []
  m_Father: {fileID: 4979938443107422}
  m_RootOrder: 0
  m_LocalEulerAnglesHint: {x: 0, y: 0, z: 0}
--- !u!4 &4948146163524196
Transform:
  m_ObjectHideFlags: 1
  m_PrefabParentObject: {fileID: 0}
  m_PrefabInternal: {fileID: 100100000}
  m_GameObject: {fileID: 1015091419655164}
  m_LocalRotation: {x: -0.7071068, y: 0, z: -0, w: 0.7071067}
  m_LocalPosition: {x: -0, y: 1.2192699, z: 0}
  m_LocalScale: {x: 24.35236, y: 24.35236, z: 24.35236}
  m_Children: []
  m_Father: {fileID: 4037012167658276}
  m_RootOrder: 4
  m_LocalEulerAnglesHint: {x: 0, y: 0, z: 0}
--- !u!4 &4959264328009180
Transform:
  m_ObjectHideFlags: 1
  m_PrefabParentObject: {fileID: 0}
  m_PrefabInternal: {fileID: 100100000}
  m_GameObject: {fileID: 1717995133629060}
  m_LocalRotation: {x: 0.706933, y: 0.015674125, z: -0.015674112, w: 0.7069331}
  m_LocalPosition: {x: -0.0013761532, y: -0.004748515, z: 0.0052046203}
  m_LocalScale: {x: 1, y: 1, z: 1}
  m_Children:
  - {fileID: 4235909523179836}
  m_Father: {fileID: 4834877343062214}
  m_RootOrder: 1
  m_LocalEulerAnglesHint: {x: 0, y: 0, z: 0}
--- !u!4 &4974884264260584
Transform:
  m_ObjectHideFlags: 1
  m_PrefabParentObject: {fileID: 0}
  m_PrefabInternal: {fileID: 100100000}
  m_GameObject: {fileID: 1972074861318722}
  m_LocalRotation: {x: -0.16115798, y: -0.00018278863, z: 0.0044333185, w: 0.9869187}
  m_LocalPosition: {x: 1.8952286e-11, y: 0.0015621182, z: -9.313225e-11}
  m_LocalScale: {x: 0.9999999, y: 0.99999994, z: 1}
  m_Children:
  - {fileID: 4258195809803506}
  m_Father: {fileID: 4037619617155866}
  m_RootOrder: 2
  m_LocalEulerAnglesHint: {x: 0, y: 0, z: 0}
--- !u!4 &4979938443107422
Transform:
  m_ObjectHideFlags: 1
  m_PrefabParentObject: {fileID: 0}
  m_PrefabInternal: {fileID: 100100000}
  m_GameObject: {fileID: 1594332212840306}
  m_LocalRotation: {x: 0.09211688, y: -0.0000000068131873, z: 0.000000014798891, w: 0.9957482}
  m_LocalPosition: {x: 7.216449e-18, y: 0.0007241202, z: -6.519258e-11}
  m_LocalScale: {x: 1, y: 0.99999994, z: 1}
  m_Children:
  - {fileID: 4939175969150622}
  m_Father: {fileID: 4667532423860886}
  m_RootOrder: 0
  m_LocalEulerAnglesHint: {x: 0, y: 0, z: 0}
--- !u!4 &4981340468255174
Transform:
  m_ObjectHideFlags: 1
  m_PrefabParentObject: {fileID: 0}
  m_PrefabInternal: {fileID: 100100000}
  m_GameObject: {fileID: 1290973997822558}
  m_LocalRotation: {x: 0.019351121, y: 0.04151409, z: 0.86005, w: 0.50814974}
  m_LocalPosition: {x: 1.4901161e-10, y: 0.000506238, z: 8.614734e-11}
  m_LocalScale: {x: 0.99999994, y: 1.0000001, z: 0.99999994}
  m_Children:
  - {fileID: 4826102980483944}
  m_Father: {fileID: 4401814002426034}
  m_RootOrder: 0
  m_LocalEulerAnglesHint: {x: 0, y: 0, z: 0}
--- !u!4 &4987510709004512
Transform:
  m_ObjectHideFlags: 1
  m_PrefabParentObject: {fileID: 0}
  m_PrefabInternal: {fileID: 100100000}
  m_GameObject: {fileID: 1976469243467270}
  m_LocalRotation: {x: 0.10753007, y: -0.03825788, z: -0.33031142, w: 0.9369461}
  m_LocalPosition: {x: -0.000026399855, y: 0.00072581397, z: 0.0002618914}
  m_LocalScale: {x: 1.0000001, y: 0.99999994, z: 1.0000002}
  m_Children:
  - {fileID: 4744983508140534}
  m_Father: {fileID: 4578537271956518}
  m_RootOrder: 1
  m_LocalEulerAnglesHint: {x: 0, y: 0, z: 0}
--- !u!95 &95574148016179270
Animator:
  serializedVersion: 3
  m_ObjectHideFlags: 1
  m_PrefabParentObject: {fileID: 0}
  m_PrefabInternal: {fileID: 100100000}
  m_GameObject: {fileID: 1603327264404820}
  m_Enabled: 1
  m_Avatar: {fileID: 9000000, guid: 59443cbb922a8e340aebb0f5def84508, type: 3}
  m_Controller: {fileID: 9100000, guid: 05262799862be4dd08c84d67ded6276f, type: 2}
  m_CullingMode: 1
  m_UpdateMode: 0
  m_ApplyRootMotion: 1
  m_LinearVelocityBlending: 0
  m_WarningMessage: 
  m_HasTransformHierarchy: 1
  m_AllowConstantClipSamplingOptimization: 1
--- !u!114 &114715539503186678
MonoBehaviour:
  m_ObjectHideFlags: 1
  m_PrefabParentObject: {fileID: 0}
  m_PrefabInternal: {fileID: 100100000}
  m_GameObject: {fileID: 1603327264404820}
  m_Enabled: 1
  m_EditorHideFlags: 0
  m_Script: {fileID: 11500000, guid: 9d98d04621825264b9cf951e5cdafbeb, type: 3}
  m_Name: 
  m_EditorClassIdentifier: 
  curve:
    serializedVersion: 2
    m_Curve:
    - serializedVersion: 2
      time: 0
      value: 0
      inSlope: 2
      outSlope: 2
      tangentMode: 0
    - serializedVersion: 2
      time: 1
      value: 1
      inSlope: 0
      outSlope: 0
      tangentMode: 0
    m_PreInfinity: 2
    m_PostInfinity: 2
    m_RotationOrder: 0
  distance: {x: 0.1, y: 0.1, z: 0.1}
  speed: 0.1
  startbl: 0
--- !u!137 &137024276977456338
SkinnedMeshRenderer:
  m_ObjectHideFlags: 1
  m_PrefabParentObject: {fileID: 0}
  m_PrefabInternal: {fileID: 100100000}
  m_GameObject: {fileID: 1015091419655164}
  m_Enabled: 1
  m_CastShadows: 1
  m_ReceiveShadows: 1
  m_DynamicOccludee: 1
  m_MotionVectors: 1
  m_LightProbeUsage: 1
  m_ReflectionProbeUsage: 1
  m_Materials:
  - {fileID: 2100000, guid: 6e0acf9628d4e4b57a45e921e86ffa37, type: 2}
  - {fileID: 2100000, guid: 22009ca60bbcc434bb3f7fe37c488a28, type: 2}
  - {fileID: 2100000, guid: 1e9a163977ead4e629db9e2f58132226, type: 2}
  m_StaticBatchInfo:
    firstSubMesh: 0
    subMeshCount: 0
  m_StaticBatchRoot: {fileID: 0}
  m_ProbeAnchor: {fileID: 0}
  m_LightProbeVolumeOverride: {fileID: 0}
  m_ScaleInLightmap: 1
  m_PreserveUVs: 0
  m_IgnoreNormalsForChartDetection: 0
  m_ImportantGI: 0
  m_StitchLightmapSeams: 0
  m_SelectedEditorRenderState: 3
  m_MinimumChartSize: 4
  m_AutoUVMaxDistance: 0.5
  m_AutoUVMaxAngle: 89
  m_LightmapParameters: {fileID: 0}
  m_SortingLayerID: 0
  m_SortingLayer: 0
  m_SortingOrder: 0
  serializedVersion: 2
  m_Quality: 0
  m_UpdateWhenOffscreen: 0
  m_SkinnedMotionVectors: 1
  m_Mesh: {fileID: 4300002, guid: 59443cbb922a8e340aebb0f5def84508, type: 3}
  m_Bones:
  - {fileID: 4037619617155866}
  - {fileID: 4974884264260584}
  - {fileID: 4258195809803506}
  - {fileID: 4667532423860886}
  - {fileID: 4979938443107422}
  - {fileID: 4608346305984792}
  - {fileID: 4036001574249004}
  - {fileID: 4869708293647528}
  - {fileID: 4623120551713726}
  - {fileID: 4554755369473448}
  - {fileID: 4128441357657912}
  - {fileID: 4532687127714718}
  - {fileID: 4014244806363570}
  - {fileID: 4049157943959192}
  - {fileID: 4282779413174838}
  - {fileID: 4401814002426034}
  - {fileID: 4981340468255174}
  - {fileID: 4352842234107402}
  - {fileID: 4444010480470538}
  - {fileID: 4131238459899020}
  - {fileID: 4434382839593460}
  - {fileID: 4818069326234838}
  - {fileID: 4637246992008746}
  - {fileID: 4657865551953406}
  - {fileID: 4578537271956518}
  - {fileID: 4627235306577300}
  - {fileID: 4430102710901128}
  - {fileID: 4987510709004512}
  - {fileID: 4744983508140534}
  - {fileID: 4716063377706898}
  - {fileID: 4620923811578674}
  - {fileID: 4673708710966812}
  - {fileID: 4702691425602368}
  - {fileID: 4476830745423010}
  - {fileID: 4844338570923250}
  - {fileID: 4127341138454150}
  - {fileID: 4595026585468972}
  - {fileID: 4267619056046128}
  - {fileID: 4799461049895086}
  - {fileID: 4601069410577952}
  - {fileID: 4761178743006084}
  - {fileID: 4667370433026894}
  - {fileID: 4555216311785970}
  - {fileID: 4256926084906900}
  - {fileID: 4045080320988134}
  - {fileID: 4907812060221406}
  - {fileID: 4959264328009180}
  - {fileID: 4104966746723068}
  - {fileID: 4913542449380882}
  m_BlendShapeWeights: []
  m_RootBone: {fileID: 4037619617155866}
  m_AABB:
    m_Center: {x: 0.000021099811, y: 0.0033990997, z: -0.00031337375}
    m_Extent: {x: 0.0043743253, y: 0.0041187797, z: 0.0028124491}
  m_DirtyAABB: 0
--- !u!137 &137086786094368724
SkinnedMeshRenderer:
  m_ObjectHideFlags: 1
  m_PrefabParentObject: {fileID: 0}
  m_PrefabInternal: {fileID: 100100000}
  m_GameObject: {fileID: 1044409589677296}
  m_Enabled: 1
  m_CastShadows: 1
  m_ReceiveShadows: 1
  m_DynamicOccludee: 1
  m_MotionVectors: 1
  m_LightProbeUsage: 1
  m_ReflectionProbeUsage: 1
  m_Materials:
  - {fileID: 2100000, guid: 22009ca60bbcc434bb3f7fe37c488a28, type: 2}
  - {fileID: 2100000, guid: 6e0acf9628d4e4b57a45e921e86ffa37, type: 2}
  m_StaticBatchInfo:
    firstSubMesh: 0
    subMeshCount: 0
  m_StaticBatchRoot: {fileID: 0}
  m_ProbeAnchor: {fileID: 0}
  m_LightProbeVolumeOverride: {fileID: 0}
  m_ScaleInLightmap: 1
  m_PreserveUVs: 0
  m_IgnoreNormalsForChartDetection: 0
  m_ImportantGI: 0
  m_StitchLightmapSeams: 0
  m_SelectedEditorRenderState: 3
  m_MinimumChartSize: 4
  m_AutoUVMaxDistance: 0.5
  m_AutoUVMaxAngle: 89
  m_LightmapParameters: {fileID: 0}
  m_SortingLayerID: 0
  m_SortingLayer: 0
  m_SortingOrder: 0
  serializedVersion: 2
  m_Quality: 0
  m_UpdateWhenOffscreen: 0
  m_SkinnedMotionVectors: 1
  m_Mesh: {fileID: 4300000, guid: 59443cbb922a8e340aebb0f5def84508, type: 3}
  m_Bones:
  - {fileID: 4037619617155866}
  - {fileID: 4974884264260584}
  - {fileID: 4258195809803506}
  - {fileID: 4667532423860886}
  - {fileID: 4979938443107422}
  - {fileID: 4608346305984792}
  - {fileID: 4036001574249004}
  - {fileID: 4869708293647528}
  - {fileID: 4623120551713726}
  - {fileID: 4554755369473448}
  - {fileID: 4128441357657912}
  - {fileID: 4532687127714718}
  - {fileID: 4014244806363570}
  - {fileID: 4049157943959192}
  - {fileID: 4282779413174838}
  - {fileID: 4401814002426034}
  - {fileID: 4981340468255174}
  - {fileID: 4352842234107402}
  - {fileID: 4444010480470538}
  - {fileID: 4131238459899020}
  - {fileID: 4434382839593460}
  - {fileID: 4818069326234838}
  - {fileID: 4637246992008746}
  - {fileID: 4657865551953406}
  - {fileID: 4578537271956518}
  - {fileID: 4627235306577300}
  - {fileID: 4430102710901128}
  - {fileID: 4987510709004512}
  - {fileID: 4744983508140534}
  - {fileID: 4716063377706898}
  - {fileID: 4620923811578674}
  - {fileID: 4673708710966812}
  - {fileID: 4702691425602368}
  - {fileID: 4476830745423010}
  - {fileID: 4844338570923250}
  - {fileID: 4127341138454150}
  - {fileID: 4595026585468972}
  - {fileID: 4267619056046128}
  - {fileID: 4799461049895086}
  - {fileID: 4601069410577952}
  - {fileID: 4761178743006084}
  - {fileID: 4667370433026894}
  - {fileID: 4555216311785970}
  - {fileID: 4256926084906900}
  - {fileID: 4045080320988134}
  - {fileID: 4907812060221406}
  - {fileID: 4959264328009180}
  - {fileID: 4104966746723068}
  - {fileID: 4913542449380882}
  m_BlendShapeWeights: []
  m_RootBone: {fileID: 4037619617155866}
  m_AABB:
    m_Center: {x: 0.00013929151, y: -0.0037030615, z: 0.00007888884}
    m_Extent: {x: 0.0022208947, y: 0.00510074, z: 0.0013858848}
  m_DirtyAABB: 0
--- !u!137 &137284909251005878
SkinnedMeshRenderer:
  m_ObjectHideFlags: 1
  m_PrefabParentObject: {fileID: 0}
  m_PrefabInternal: {fileID: 100100000}
  m_GameObject: {fileID: 1160635777808574}
  m_Enabled: 1
  m_CastShadows: 1
  m_ReceiveShadows: 1
  m_DynamicOccludee: 1
  m_MotionVectors: 1
  m_LightProbeUsage: 1
  m_ReflectionProbeUsage: 1
  m_Materials:
  - {fileID: 2100000, guid: 87e5574c82aed41f493527990a52d239, type: 2}
  - {fileID: 2100000, guid: 80009c5d2ee9a4e97afe61cfcf769c75, type: 2}
  - {fileID: 2100000, guid: 6e0acf9628d4e4b57a45e921e86ffa37, type: 2}
  m_StaticBatchInfo:
    firstSubMesh: 0
    subMeshCount: 0
  m_StaticBatchRoot: {fileID: 0}
  m_ProbeAnchor: {fileID: 0}
  m_LightProbeVolumeOverride: {fileID: 0}
  m_ScaleInLightmap: 1
  m_PreserveUVs: 0
  m_IgnoreNormalsForChartDetection: 0
  m_ImportantGI: 0
  m_StitchLightmapSeams: 0
  m_SelectedEditorRenderState: 3
  m_MinimumChartSize: 4
  m_AutoUVMaxDistance: 0.5
  m_AutoUVMaxAngle: 89
  m_LightmapParameters: {fileID: 0}
  m_SortingLayerID: 0
  m_SortingLayer: 0
  m_SortingOrder: 0
  serializedVersion: 2
  m_Quality: 0
  m_UpdateWhenOffscreen: 0
  m_SkinnedMotionVectors: 1
  m_Mesh: {fileID: 4300004, guid: 59443cbb922a8e340aebb0f5def84508, type: 3}
  m_Bones:
  - {fileID: 4037619617155866}
  - {fileID: 4974884264260584}
  - {fileID: 4258195809803506}
  - {fileID: 4667532423860886}
  - {fileID: 4979938443107422}
  - {fileID: 4608346305984792}
  - {fileID: 4036001574249004}
  - {fileID: 4869708293647528}
  - {fileID: 4623120551713726}
  - {fileID: 4554755369473448}
  - {fileID: 4128441357657912}
  - {fileID: 4532687127714718}
  - {fileID: 4014244806363570}
  - {fileID: 4049157943959192}
  - {fileID: 4282779413174838}
  - {fileID: 4401814002426034}
  - {fileID: 4981340468255174}
  - {fileID: 4352842234107402}
  - {fileID: 4444010480470538}
  - {fileID: 4131238459899020}
  - {fileID: 4434382839593460}
  - {fileID: 4818069326234838}
  - {fileID: 4637246992008746}
  - {fileID: 4657865551953406}
  - {fileID: 4578537271956518}
  - {fileID: 4627235306577300}
  - {fileID: 4430102710901128}
  - {fileID: 4987510709004512}
  - {fileID: 4744983508140534}
  - {fileID: 4716063377706898}
  - {fileID: 4620923811578674}
  - {fileID: 4673708710966812}
  - {fileID: 4702691425602368}
  - {fileID: 4476830745423010}
  - {fileID: 4844338570923250}
  - {fileID: 4127341138454150}
  - {fileID: 4595026585468972}
  - {fileID: 4267619056046128}
  - {fileID: 4799461049895086}
  - {fileID: 4601069410577952}
  - {fileID: 4761178743006084}
  - {fileID: 4667370433026894}
  - {fileID: 4555216311785970}
  - {fileID: 4256926084906900}
  - {fileID: 4045080320988134}
  - {fileID: 4907812060221406}
  - {fileID: 4959264328009180}
  - {fileID: 4104966746723068}
  - {fileID: 4913542449380882}
  m_BlendShapeWeights: []
  m_RootBone: {fileID: 4037619617155866}
  m_AABB:
    m_Center: {x: -0.0040873596, y: -0.00009062281, z: 0.0013437367}
    m_Extent: {x: 0.0025982773, y: 0.004036751, z: 0.0035485073}
  m_DirtyAABB: 0
--- !u!137 &137496574197464174
SkinnedMeshRenderer:
  m_ObjectHideFlags: 1
  m_PrefabParentObject: {fileID: 0}
  m_PrefabInternal: {fileID: 100100000}
  m_GameObject: {fileID: 1803545333874092}
  m_Enabled: 1
  m_CastShadows: 1
  m_ReceiveShadows: 1
  m_DynamicOccludee: 1
  m_MotionVectors: 1
  m_LightProbeUsage: 1
  m_ReflectionProbeUsage: 1
  m_Materials:
  - {fileID: 2100000, guid: 6e0acf9628d4e4b57a45e921e86ffa37, type: 2}
  - {fileID: 2100000, guid: 87e5574c82aed41f493527990a52d239, type: 2}
  - {fileID: 2100000, guid: aba5932a9eb5dec489c7440536812564, type: 2}
  m_StaticBatchInfo:
    firstSubMesh: 0
    subMeshCount: 0
  m_StaticBatchRoot: {fileID: 0}
  m_ProbeAnchor: {fileID: 0}
  m_LightProbeVolumeOverride: {fileID: 0}
  m_ScaleInLightmap: 1
  m_PreserveUVs: 0
  m_IgnoreNormalsForChartDetection: 0
  m_ImportantGI: 0
  m_StitchLightmapSeams: 0
  m_SelectedEditorRenderState: 3
  m_MinimumChartSize: 4
  m_AutoUVMaxDistance: 0.5
  m_AutoUVMaxAngle: 89
  m_LightmapParameters: {fileID: 0}
  m_SortingLayerID: 0
  m_SortingLayer: 0
  m_SortingOrder: 0
  serializedVersion: 2
  m_Quality: 0
  m_UpdateWhenOffscreen: 0
  m_SkinnedMotionVectors: 1
  m_Mesh: {fileID: 4300006, guid: 59443cbb922a8e340aebb0f5def84508, type: 3}
  m_Bones:
  - {fileID: 4037619617155866}
  - {fileID: 4974884264260584}
  - {fileID: 4258195809803506}
  - {fileID: 4667532423860886}
  - {fileID: 4979938443107422}
  - {fileID: 4608346305984792}
  - {fileID: 4036001574249004}
  - {fileID: 4869708293647528}
  - {fileID: 4623120551713726}
  - {fileID: 4554755369473448}
  - {fileID: 4128441357657912}
  - {fileID: 4532687127714718}
  - {fileID: 4014244806363570}
  - {fileID: 4049157943959192}
  - {fileID: 4282779413174838}
  - {fileID: 4401814002426034}
  - {fileID: 4981340468255174}
  - {fileID: 4352842234107402}
  - {fileID: 4444010480470538}
  - {fileID: 4131238459899020}
  - {fileID: 4434382839593460}
  - {fileID: 4818069326234838}
  - {fileID: 4637246992008746}
  - {fileID: 4657865551953406}
  - {fileID: 4578537271956518}
  - {fileID: 4627235306577300}
  - {fileID: 4430102710901128}
  - {fileID: 4987510709004512}
  - {fileID: 4744983508140534}
  - {fileID: 4716063377706898}
  - {fileID: 4620923811578674}
  - {fileID: 4673708710966812}
  - {fileID: 4702691425602368}
  - {fileID: 4476830745423010}
  - {fileID: 4844338570923250}
  - {fileID: 4127341138454150}
  - {fileID: 4595026585468972}
  - {fileID: 4267619056046128}
  - {fileID: 4799461049895086}
  - {fileID: 4601069410577952}
  - {fileID: 4761178743006084}
  - {fileID: 4667370433026894}
  - {fileID: 4555216311785970}
  - {fileID: 4256926084906900}
  - {fileID: 4045080320988134}
  - {fileID: 4907812060221406}
  - {fileID: 4959264328009180}
  - {fileID: 4104966746723068}
  - {fileID: 4913542449380882}
  m_BlendShapeWeights: []
  m_RootBone: {fileID: 4037619617155866}
  m_AABB:
    m_Center: {x: -0.00012418453, y: 0.008306196, z: -0.0008516318}
    m_Extent: {x: 0.001085503, y: 0.0017631026, z: 0.0016622867}
  m_DirtyAABB: 0
--- !u!137 &137561916966024234
SkinnedMeshRenderer:
  m_ObjectHideFlags: 1
  m_PrefabParentObject: {fileID: 0}
  m_PrefabInternal: {fileID: 100100000}
  m_GameObject: {fileID: 1910792284106052}
  m_Enabled: 1
  m_CastShadows: 1
  m_ReceiveShadows: 1
  m_DynamicOccludee: 1
  m_MotionVectors: 1
  m_LightProbeUsage: 1
  m_ReflectionProbeUsage: 1
  m_Materials:
  - {fileID: 2100000, guid: 759dc78fe5fd54754857f98cf9869d94, type: 2}
  - {fileID: 2100000, guid: decf2b98d3b7c6e4c944e01c821239ef, type: 2}
  m_StaticBatchInfo:
    firstSubMesh: 0
    subMeshCount: 0
  m_StaticBatchRoot: {fileID: 0}
  m_ProbeAnchor: {fileID: 0}
  m_LightProbeVolumeOverride: {fileID: 0}
  m_ScaleInLightmap: 1
  m_PreserveUVs: 0
  m_IgnoreNormalsForChartDetection: 0
  m_ImportantGI: 0
  m_StitchLightmapSeams: 0
  m_SelectedEditorRenderState: 3
  m_MinimumChartSize: 4
  m_AutoUVMaxDistance: 0.5
  m_AutoUVMaxAngle: 89
  m_LightmapParameters: {fileID: 0}
  m_SortingLayerID: 0
  m_SortingLayer: 0
  m_SortingOrder: 0
  serializedVersion: 2
  m_Quality: 0
  m_UpdateWhenOffscreen: 0
  m_SkinnedMotionVectors: 1
  m_Mesh: {fileID: 4300008, guid: 59443cbb922a8e340aebb0f5def84508, type: 3}
  m_Bones:
  - {fileID: 4037619617155866}
  - {fileID: 4974884264260584}
  - {fileID: 4258195809803506}
  - {fileID: 4667532423860886}
  - {fileID: 4979938443107422}
  - {fileID: 4608346305984792}
  - {fileID: 4036001574249004}
  - {fileID: 4869708293647528}
  - {fileID: 4623120551713726}
  - {fileID: 4554755369473448}
  - {fileID: 4128441357657912}
  - {fileID: 4532687127714718}
  - {fileID: 4014244806363570}
  - {fileID: 4049157943959192}
  - {fileID: 4282779413174838}
  - {fileID: 4401814002426034}
  - {fileID: 4981340468255174}
  - {fileID: 4352842234107402}
  - {fileID: 4444010480470538}
  - {fileID: 4131238459899020}
  - {fileID: 4434382839593460}
  - {fileID: 4818069326234838}
  - {fileID: 4637246992008746}
  - {fileID: 4657865551953406}
  - {fileID: 4578537271956518}
  - {fileID: 4627235306577300}
  - {fileID: 4430102710901128}
  - {fileID: 4987510709004512}
  - {fileID: 4744983508140534}
  - {fileID: 4716063377706898}
  - {fileID: 4620923811578674}
  - {fileID: 4673708710966812}
  - {fileID: 4702691425602368}
  - {fileID: 4476830745423010}
  - {fileID: 4844338570923250}
  - {fileID: 4127341138454150}
  - {fileID: 4595026585468972}
  - {fileID: 4267619056046128}
  - {fileID: 4799461049895086}
  - {fileID: 4601069410577952}
  - {fileID: 4761178743006084}
  - {fileID: 4667370433026894}
  - {fileID: 4555216311785970}
  - {fileID: 4256926084906900}
  - {fileID: 4045080320988134}
  - {fileID: 4907812060221406}
  - {fileID: 4959264328009180}
  - {fileID: 4104966746723068}
  - {fileID: 4913542449380882}
  m_BlendShapeWeights: []
  m_RootBone: {fileID: 4037619617155866}
  m_AABB:
    m_Center: {x: 0.0036263687, y: 0.001159464, z: 0.0043023513}
    m_Extent: {x: 0.0013966404, y: 0.0028045531, z: 0.004527993}
  m_DirtyAABB: 0
--- !u!137 &137754542495023272
SkinnedMeshRenderer:
  m_ObjectHideFlags: 1
  m_PrefabParentObject: {fileID: 0}
  m_PrefabInternal: {fileID: 100100000}
  m_GameObject: {fileID: 1327286389131154}
  m_Enabled: 1
  m_CastShadows: 1
  m_ReceiveShadows: 1
  m_DynamicOccludee: 1
  m_MotionVectors: 1
  m_LightProbeUsage: 1
  m_ReflectionProbeUsage: 1
  m_Materials:
  - {fileID: 2100000, guid: 37dc0c307e03548afab52147f9ca726b, type: 2}
  m_StaticBatchInfo:
    firstSubMesh: 0
    subMeshCount: 0
  m_StaticBatchRoot: {fileID: 0}
  m_ProbeAnchor: {fileID: 0}
  m_LightProbeVolumeOverride: {fileID: 0}
  m_ScaleInLightmap: 1
  m_PreserveUVs: 0
  m_IgnoreNormalsForChartDetection: 0
  m_ImportantGI: 0
  m_StitchLightmapSeams: 0
  m_SelectedEditorRenderState: 3
  m_MinimumChartSize: 4
  m_AutoUVMaxDistance: 0.5
  m_AutoUVMaxAngle: 89
  m_LightmapParameters: {fileID: 0}
  m_SortingLayerID: 0
  m_SortingLayer: 0
  m_SortingOrder: 0
  serializedVersion: 2
  m_Quality: 0
  m_UpdateWhenOffscreen: 0
  m_SkinnedMotionVectors: 1
  m_Mesh: {fileID: 4300012, guid: 59443cbb922a8e340aebb0f5def84508, type: 3}
  m_Bones:
  - {fileID: 4037619617155866}
  - {fileID: 4974884264260584}
  - {fileID: 4258195809803506}
  - {fileID: 4667532423860886}
  - {fileID: 4979938443107422}
  - {fileID: 4608346305984792}
  - {fileID: 4036001574249004}
  - {fileID: 4869708293647528}
  - {fileID: 4623120551713726}
  - {fileID: 4554755369473448}
  - {fileID: 4128441357657912}
  - {fileID: 4532687127714718}
  - {fileID: 4014244806363570}
  - {fileID: 4049157943959192}
  - {fileID: 4282779413174838}
  - {fileID: 4401814002426034}
  - {fileID: 4981340468255174}
  - {fileID: 4352842234107402}
  - {fileID: 4444010480470538}
  - {fileID: 4131238459899020}
  - {fileID: 4434382839593460}
  - {fileID: 4818069326234838}
  - {fileID: 4637246992008746}
  - {fileID: 4657865551953406}
  - {fileID: 4578537271956518}
  - {fileID: 4627235306577300}
  - {fileID: 4430102710901128}
  - {fileID: 4987510709004512}
  - {fileID: 4744983508140534}
  - {fileID: 4716063377706898}
  - {fileID: 4620923811578674}
  - {fileID: 4673708710966812}
  - {fileID: 4702691425602368}
  - {fileID: 4476830745423010}
  - {fileID: 4844338570923250}
  - {fileID: 4127341138454150}
  - {fileID: 4595026585468972}
  - {fileID: 4267619056046128}
  - {fileID: 4799461049895086}
  - {fileID: 4601069410577952}
  - {fileID: 4761178743006084}
  - {fileID: 4667370433026894}
  - {fileID: 4555216311785970}
  - {fileID: 4256926084906900}
  - {fileID: 4045080320988134}
  - {fileID: 4907812060221406}
  - {fileID: 4959264328009180}
  - {fileID: 4104966746723068}
  - {fileID: 4913542449380882}
  m_BlendShapeWeights: []
  m_RootBone: {fileID: 4037619617155866}
  m_AABB:
    m_Center: {x: 0.00018750562, y: -0.0035691722, z: 0.000038253434}
    m_Extent: {x: 0.0021299538, y: 0.0052166735, z: 0.0014364184}
  m_DirtyAABB: 0
--- !u!137 &137989009798528852
SkinnedMeshRenderer:
  m_ObjectHideFlags: 1
  m_PrefabParentObject: {fileID: 0}
  m_PrefabInternal: {fileID: 100100000}
  m_GameObject: {fileID: 1144542966917820}
  m_Enabled: 1
  m_CastShadows: 1
  m_ReceiveShadows: 1
  m_DynamicOccludee: 1
  m_MotionVectors: 1
  m_LightProbeUsage: 1
  m_ReflectionProbeUsage: 1
  m_Materials:
  - {fileID: 2100000, guid: ad807b2f210e24c6d90e6ea64416b435, type: 2}
  m_StaticBatchInfo:
    firstSubMesh: 0
    subMeshCount: 0
  m_StaticBatchRoot: {fileID: 0}
  m_ProbeAnchor: {fileID: 0}
  m_LightProbeVolumeOverride: {fileID: 0}
  m_ScaleInLightmap: 1
  m_PreserveUVs: 0
  m_IgnoreNormalsForChartDetection: 0
  m_ImportantGI: 0
  m_StitchLightmapSeams: 0
  m_SelectedEditorRenderState: 3
  m_MinimumChartSize: 4
  m_AutoUVMaxDistance: 0.5
  m_AutoUVMaxAngle: 89
  m_LightmapParameters: {fileID: 0}
  m_SortingLayerID: 0
  m_SortingLayer: 0
  m_SortingOrder: 0
  serializedVersion: 2
  m_Quality: 0
  m_UpdateWhenOffscreen: 0
  m_SkinnedMotionVectors: 1
  m_Mesh: {fileID: 4300010, guid: 59443cbb922a8e340aebb0f5def84508, type: 3}
  m_Bones:
  - {fileID: 4037619617155866}
  - {fileID: 4974884264260584}
  - {fileID: 4258195809803506}
  - {fileID: 4667532423860886}
  - {fileID: 4979938443107422}
  - {fileID: 4608346305984792}
  - {fileID: 4036001574249004}
  - {fileID: 4869708293647528}
  - {fileID: 4623120551713726}
  - {fileID: 4554755369473448}
  - {fileID: 4128441357657912}
  - {fileID: 4532687127714718}
  - {fileID: 4014244806363570}
  - {fileID: 4049157943959192}
  - {fileID: 4282779413174838}
  - {fileID: 4401814002426034}
  - {fileID: 4981340468255174}
  - {fileID: 4352842234107402}
  - {fileID: 4444010480470538}
  - {fileID: 4131238459899020}
  - {fileID: 4434382839593460}
  - {fileID: 4818069326234838}
  - {fileID: 4637246992008746}
  - {fileID: 4657865551953406}
  - {fileID: 4578537271956518}
  - {fileID: 4627235306577300}
  - {fileID: 4430102710901128}
  - {fileID: 4987510709004512}
  - {fileID: 4744983508140534}
  - {fileID: 4716063377706898}
  - {fileID: 4620923811578674}
  - {fileID: 4673708710966812}
  - {fileID: 4702691425602368}
  - {fileID: 4476830745423010}
  - {fileID: 4844338570923250}
  - {fileID: 4127341138454150}
  - {fileID: 4595026585468972}
  - {fileID: 4267619056046128}
  - {fileID: 4799461049895086}
  - {fileID: 4601069410577952}
  - {fileID: 4761178743006084}
  - {fileID: 4667370433026894}
  - {fileID: 4555216311785970}
  - {fileID: 4256926084906900}
  - {fileID: 4045080320988134}
  - {fileID: 4907812060221406}
  - {fileID: 4959264328009180}
  - {fileID: 4104966746723068}
  - {fileID: 4913542449380882}
  m_BlendShapeWeights: []
  m_RootBone: {fileID: 4037619617155866}
  m_AABB:
    m_Center: {x: -0.00007394748, y: -0.000032928772, z: -0.0000059218146}
    m_Extent: {x: 0.004679685, y: 0.009731132, z: 0.00249872}
  m_DirtyAABB: 0
