%YAML 1.1
%TAG !u! tag:unity3d.com,2011:
--- !u!1001 &100100000
Prefab:
  m_ObjectHideFlags: 1
  serializedVersion: 2
  m_Modification:
    m_TransformParent: {fileID: 0}
    m_Modifications: []
    m_RemovedComponents: []
  m_ParentPrefab: {fileID: 0}
  m_RootGameObject: {fileID: 1317091538668536}
  m_IsPrefabParent: 1
--- !u!1 &1000539737729508
GameObject:
  m_ObjectHideFlags: 1
  m_PrefabParentObject: {fileID: 0}
  m_PrefabInternal: {fileID: 100100000}
  serializedVersion: 5
  m_Component:
  - component: {fileID: 4854881444368626}
  m_Layer: 0
  m_Name: Index02.L_end
  m_TagString: Untagged
  m_Icon: {fileID: 0}
  m_NavMeshLayer: 0
  m_StaticEditorFlags: 0
  m_IsActive: 1
--- !u!1 &1010778399018450
GameObject:
  m_ObjectHideFlags: 1
  m_PrefabParentObject: {fileID: 0}
  m_PrefabInternal: {fileID: 100100000}
  serializedVersion: 5
  m_Component:
  - component: {fileID: 4192452082570422}
  m_Layer: 0
  m_Name: Arm lower.R
  m_TagString: Untagged
  m_Icon: {fileID: 0}
  m_NavMeshLayer: 0
  m_StaticEditorFlags: 0
  m_IsActive: 1
--- !u!1 &1015512286731150
GameObject:
  m_ObjectHideFlags: 1
  m_PrefabParentObject: {fileID: 0}
  m_PrefabInternal: {fileID: 100100000}
  serializedVersion: 5
  m_Component:
  - component: {fileID: 4257045408507310}
  m_Layer: 0
  m_Name: Toes.L
  m_TagString: Untagged
  m_Icon: {fileID: 0}
  m_NavMeshLayer: 0
  m_StaticEditorFlags: 0
  m_IsActive: 1
--- !u!1 &1034713554813634
GameObject:
  m_ObjectHideFlags: 1
  m_PrefabParentObject: {fileID: 0}
  m_PrefabInternal: {fileID: 100100000}
  serializedVersion: 5
  m_Component:
  - component: {fileID: 4642453764448716}
  - component: {fileID: 137188107943556186}
  m_Layer: 0
  m_Name: Cube.004
  m_TagString: Untagged
  m_Icon: {fileID: 0}
  m_NavMeshLayer: 0
  m_StaticEditorFlags: 0
  m_IsActive: 1
--- !u!1 &1049229027408020
GameObject:
  m_ObjectHideFlags: 1
  m_PrefabParentObject: {fileID: 0}
  m_PrefabInternal: {fileID: 100100000}
  serializedVersion: 5
  m_Component:
  - component: {fileID: 4904309344706084}
  m_Layer: 0
  m_Name: RingFinger01.R
  m_TagString: Untagged
  m_Icon: {fileID: 0}
  m_NavMeshLayer: 0
  m_StaticEditorFlags: 0
  m_IsActive: 1
--- !u!1 &1055944025212254
GameObject:
  m_ObjectHideFlags: 1
  m_PrefabParentObject: {fileID: 0}
  m_PrefabInternal: {fileID: 100100000}
  serializedVersion: 5
  m_Component:
  - component: {fileID: 4518879788786636}
  m_Layer: 0
  m_Name: Leg Upper.R
  m_TagString: Untagged
  m_Icon: {fileID: 0}
  m_NavMeshLayer: 0
  m_StaticEditorFlags: 0
  m_IsActive: 1
--- !u!1 &1072739323421348
GameObject:
  m_ObjectHideFlags: 1
  m_PrefabParentObject: {fileID: 0}
  m_PrefabInternal: {fileID: 100100000}
  serializedVersion: 5
  m_Component:
  - component: {fileID: 4857735524207932}
  m_Layer: 0
  m_Name: Pinky01.L
  m_TagString: Untagged
  m_Icon: {fileID: 0}
  m_NavMeshLayer: 0
  m_StaticEditorFlags: 0
  m_IsActive: 1
--- !u!1 &1088964914533772
GameObject:
  m_ObjectHideFlags: 1
  m_PrefabParentObject: {fileID: 0}
  m_PrefabInternal: {fileID: 100100000}
  serializedVersion: 5
  m_Component:
  - component: {fileID: 4663348502470294}
  m_Layer: 0
  m_Name: MiddleFinger02.L
  m_TagString: Untagged
  m_Icon: {fileID: 0}
  m_NavMeshLayer: 0
  m_StaticEditorFlags: 0
  m_IsActive: 1
--- !u!1 &1103832372656866
GameObject:
  m_ObjectHideFlags: 1
  m_PrefabParentObject: {fileID: 0}
  m_PrefabInternal: {fileID: 100100000}
  serializedVersion: 5
  m_Component:
  - component: {fileID: 4918324188387376}
  m_Layer: 0
  m_Name: Toes.L_end
  m_TagString: Untagged
  m_Icon: {fileID: 0}
  m_NavMeshLayer: 0
  m_StaticEditorFlags: 0
  m_IsActive: 1
--- !u!1 &1115284053183474
GameObject:
  m_ObjectHideFlags: 1
  m_PrefabParentObject: {fileID: 0}
  m_PrefabInternal: {fileID: 100100000}
  serializedVersion: 5
  m_Component:
  - component: {fileID: 4652057406935776}
  - component: {fileID: 137850855943203914}
  m_Layer: 0
  m_Name: Cube.008
  m_TagString: Untagged
  m_Icon: {fileID: 0}
  m_NavMeshLayer: 0
  m_StaticEditorFlags: 0
  m_IsActive: 1
--- !u!1 &1118838960716554
GameObject:
  m_ObjectHideFlags: 1
  m_PrefabParentObject: {fileID: 0}
  m_PrefabInternal: {fileID: 100100000}
  serializedVersion: 5
  m_Component:
  - component: {fileID: 4425854116118862}
  m_Layer: 0
  m_Name: Head_end
  m_TagString: Untagged
  m_Icon: {fileID: 0}
  m_NavMeshLayer: 0
  m_StaticEditorFlags: 0
  m_IsActive: 1
--- !u!1 &1129874057426304
GameObject:
  m_ObjectHideFlags: 1
  m_PrefabParentObject: {fileID: 0}
  m_PrefabInternal: {fileID: 100100000}
  serializedVersion: 5
  m_Component:
  - component: {fileID: 4546641450648348}
  m_Layer: 0
  m_Name: Knee target.R_end
  m_TagString: Untagged
  m_Icon: {fileID: 0}
  m_NavMeshLayer: 0
  m_StaticEditorFlags: 0
  m_IsActive: 1
--- !u!1 &1132666267937780
GameObject:
  m_ObjectHideFlags: 1
  m_PrefabParentObject: {fileID: 0}
  m_PrefabInternal: {fileID: 100100000}
  serializedVersion: 5
  m_Component:
  - component: {fileID: 4386797392837952}
  m_Layer: 0
  m_Name: RingFinger02.L_end
  m_TagString: Untagged
  m_Icon: {fileID: 0}
  m_NavMeshLayer: 0
  m_StaticEditorFlags: 0
  m_IsActive: 1
--- !u!1 &1133578400941084
GameObject:
  m_ObjectHideFlags: 1
  m_PrefabParentObject: {fileID: 0}
  m_PrefabInternal: {fileID: 100100000}
  serializedVersion: 5
  m_Component:
  - component: {fileID: 4251357032619166}
  m_Layer: 0
  m_Name: Index02.R
  m_TagString: Untagged
  m_Icon: {fileID: 0}
  m_NavMeshLayer: 0
  m_StaticEditorFlags: 0
  m_IsActive: 1
--- !u!1 &1148247103854806
GameObject:
  m_ObjectHideFlags: 1
  m_PrefabParentObject: {fileID: 0}
  m_PrefabInternal: {fileID: 100100000}
  serializedVersion: 5
  m_Component:
  - component: {fileID: 4910414598056462}
  m_Layer: 0
  m_Name: MiddleFinger01.R
  m_TagString: Untagged
  m_Icon: {fileID: 0}
  m_NavMeshLayer: 0
  m_StaticEditorFlags: 0
  m_IsActive: 1
--- !u!1 &1150619356051270
GameObject:
  m_ObjectHideFlags: 1
  m_PrefabParentObject: {fileID: 0}
  m_PrefabInternal: {fileID: 100100000}
  serializedVersion: 5
  m_Component:
  - component: {fileID: 4355944200526162}
  m_Layer: 0
  m_Name: Leg ik.R_end
  m_TagString: Untagged
  m_Icon: {fileID: 0}
  m_NavMeshLayer: 0
  m_StaticEditorFlags: 0
  m_IsActive: 1
--- !u!1 &1154282059543876
GameObject:
  m_ObjectHideFlags: 1
  m_PrefabParentObject: {fileID: 0}
  m_PrefabInternal: {fileID: 100100000}
  serializedVersion: 5
  m_Component:
  - component: {fileID: 4928917709871142}
  m_Layer: 0
  m_Name: MiddleFinger02.R
  m_TagString: Untagged
  m_Icon: {fileID: 0}
  m_NavMeshLayer: 0
  m_StaticEditorFlags: 0
  m_IsActive: 1
--- !u!1 &1182981284480390
GameObject:
  m_ObjectHideFlags: 1
  m_PrefabParentObject: {fileID: 0}
  m_PrefabInternal: {fileID: 100100000}
  serializedVersion: 5
  m_Component:
  - component: {fileID: 4773663474962766}
  m_Layer: 0
  m_Name: Chest
  m_TagString: Untagged
  m_Icon: {fileID: 0}
  m_NavMeshLayer: 0
  m_StaticEditorFlags: 0
  m_IsActive: 1
--- !u!1 &1200067271433848
GameObject:
  m_ObjectHideFlags: 0
  m_PrefabParentObject: {fileID: 0}
  m_PrefabInternal: {fileID: 100100000}
  serializedVersion: 5
  m_Component:
  - component: {fileID: 4655798880477440}
  m_Layer: 0
  m_Name: Separate bones
  m_TagString: Untagged
  m_Icon: {fileID: 0}
  m_NavMeshLayer: 0
  m_StaticEditorFlags: 0
  m_IsActive: 1
--- !u!1 &1206577047193248
GameObject:
  m_ObjectHideFlags: 1
  m_PrefabParentObject: {fileID: 0}
  m_PrefabInternal: {fileID: 100100000}
  serializedVersion: 5
  m_Component:
  - component: {fileID: 4165600131468294}
  m_Layer: 0
  m_Name: Thumb02.R_end
  m_TagString: Untagged
  m_Icon: {fileID: 0}
  m_NavMeshLayer: 0
  m_StaticEditorFlags: 0
  m_IsActive: 1
--- !u!1 &1219274924204730
GameObject:
  m_ObjectHideFlags: 1
  m_PrefabParentObject: {fileID: 0}
  m_PrefabInternal: {fileID: 100100000}
  serializedVersion: 5
  m_Component:
  - component: {fileID: 4660642352690114}
  - component: {fileID: 137345469765615194}
  m_Layer: 0
  m_Name: Cube.003
  m_TagString: Untagged
  m_Icon: {fileID: 0}
  m_NavMeshLayer: 0
  m_StaticEditorFlags: 0
  m_IsActive: 1
--- !u!1 &1219832722845792
GameObject:
  m_ObjectHideFlags: 1
  m_PrefabParentObject: {fileID: 0}
  m_PrefabInternal: {fileID: 100100000}
  serializedVersion: 5
  m_Component:
  - component: {fileID: 4612138149684770}
  - component: {fileID: 137549471232142502}
  m_Layer: 0
  m_Name: Cube
  m_TagString: Untagged
  m_Icon: {fileID: 0}
  m_NavMeshLayer: 0
  m_StaticEditorFlags: 0
  m_IsActive: 1
--- !u!1 &1254909898545676
GameObject:
  m_ObjectHideFlags: 1
  m_PrefabParentObject: {fileID: 0}
  m_PrefabInternal: {fileID: 100100000}
  serializedVersion: 5
  m_Component:
  - component: {fileID: 4313452523228518}
  m_Layer: 0
  m_Name: Leg Upper.L
  m_TagString: Untagged
  m_Icon: {fileID: 0}
  m_NavMeshLayer: 0
  m_StaticEditorFlags: 0
  m_IsActive: 1
--- !u!1 &1260604297317356
GameObject:
  m_ObjectHideFlags: 1
  m_PrefabParentObject: {fileID: 0}
  m_PrefabInternal: {fileID: 100100000}
  serializedVersion: 5
  m_Component:
  - component: {fileID: 4038710228926952}
  m_Layer: 0
  m_Name: Index02.L
  m_TagString: Untagged
  m_Icon: {fileID: 0}
  m_NavMeshLayer: 0
  m_StaticEditorFlags: 0
  m_IsActive: 1
--- !u!1 &1274153264210272
GameObject:
  m_ObjectHideFlags: 1
  m_PrefabParentObject: {fileID: 0}
  m_PrefabInternal: {fileID: 100100000}
  serializedVersion: 5
  m_Component:
  - component: {fileID: 4509820934280050}
  m_Layer: 0
  m_Name: MiddleFinger02.R_end
  m_TagString: Untagged
  m_Icon: {fileID: 0}
  m_NavMeshLayer: 0
  m_StaticEditorFlags: 0
  m_IsActive: 1
--- !u!1 &1277856370440486
GameObject:
  m_ObjectHideFlags: 1
  m_PrefabParentObject: {fileID: 0}
  m_PrefabInternal: {fileID: 100100000}
  serializedVersion: 5
  m_Component:
  - component: {fileID: 4980295799850040}
  m_Layer: 0
  m_Name: Index01.L
  m_TagString: Untagged
  m_Icon: {fileID: 0}
  m_NavMeshLayer: 0
  m_StaticEditorFlags: 0
  m_IsActive: 1
--- !u!1 &1288309605512280
GameObject:
  m_ObjectHideFlags: 1
  m_PrefabParentObject: {fileID: 0}
  m_PrefabInternal: {fileID: 100100000}
  serializedVersion: 5
  m_Component:
  - component: {fileID: 4673236808242252}
  m_Layer: 0
  m_Name: Leg ik.R
  m_TagString: Untagged
  m_Icon: {fileID: 0}
  m_NavMeshLayer: 0
  m_StaticEditorFlags: 0
  m_IsActive: 1
--- !u!1 &1289508430330560
GameObject:
  m_ObjectHideFlags: 1
  m_PrefabParentObject: {fileID: 0}
  m_PrefabInternal: {fileID: 100100000}
  serializedVersion: 5
  m_Component:
  - component: {fileID: 4009856143182286}
  - component: {fileID: 137411988363618836}
  m_Layer: 0
  m_Name: Cube.006
  m_TagString: Untagged
  m_Icon: {fileID: 0}
  m_NavMeshLayer: 0
  m_StaticEditorFlags: 0
  m_IsActive: 1
--- !u!1 &1290495200774570
GameObject:
  m_ObjectHideFlags: 1
  m_PrefabParentObject: {fileID: 0}
  m_PrefabInternal: {fileID: 100100000}
  serializedVersion: 5
  m_Component:
  - component: {fileID: 4869158737438014}
  m_Layer: 0
  m_Name: Arm lower.L
  m_TagString: Untagged
  m_Icon: {fileID: 0}
  m_NavMeshLayer: 0
  m_StaticEditorFlags: 0
  m_IsActive: 1
--- !u!1 &1292419674404942
GameObject:
  m_ObjectHideFlags: 1
  m_PrefabParentObject: {fileID: 0}
  m_PrefabInternal: {fileID: 100100000}
  serializedVersion: 5
  m_Component:
  - component: {fileID: 4906578069556770}
  - component: {fileID: 137855943436278724}
  m_Layer: 0
  m_Name: Cube.010
  m_TagString: Untagged
  m_Icon: {fileID: 0}
  m_NavMeshLayer: 0
  m_StaticEditorFlags: 0
  m_IsActive: 1
--- !u!1 &1297158510157904
GameObject:
  m_ObjectHideFlags: 1
  m_PrefabParentObject: {fileID: 0}
  m_PrefabInternal: {fileID: 100100000}
  serializedVersion: 5
  m_Component:
  - component: {fileID: 4780687223703696}
  m_Layer: 0
  m_Name: Arm upper.L
  m_TagString: Untagged
  m_Icon: {fileID: 0}
  m_NavMeshLayer: 0
  m_StaticEditorFlags: 0
  m_IsActive: 1
--- !u!1 &1307776644277266
GameObject:
  m_ObjectHideFlags: 1
  m_PrefabParentObject: {fileID: 0}
  m_PrefabInternal: {fileID: 100100000}
  serializedVersion: 5
  m_Component:
  - component: {fileID: 4408929125634974}
  m_Layer: 0
  m_Name: Leg lower.R
  m_TagString: Untagged
  m_Icon: {fileID: 0}
  m_NavMeshLayer: 0
  m_StaticEditorFlags: 0
  m_IsActive: 1
--- !u!1 &1314372158378606
GameObject:
  m_ObjectHideFlags: 1
  m_PrefabParentObject: {fileID: 0}
  m_PrefabInternal: {fileID: 100100000}
  serializedVersion: 5
  m_Component:
  - component: {fileID: 4193633536756486}
  m_Layer: 0
  m_Name: RingFinger02.R_end
  m_TagString: Untagged
  m_Icon: {fileID: 0}
  m_NavMeshLayer: 0
  m_StaticEditorFlags: 0
  m_IsActive: 1
--- !u!1 &1316985993615174
GameObject:
  m_ObjectHideFlags: 1
  m_PrefabParentObject: {fileID: 0}
  m_PrefabInternal: {fileID: 100100000}
  serializedVersion: 5
  m_Component:
  - component: {fileID: 4841738812236924}
  m_Layer: 0
  m_Name: Pinky02.R_end
  m_TagString: Untagged
  m_Icon: {fileID: 0}
  m_NavMeshLayer: 0
  m_StaticEditorFlags: 0
  m_IsActive: 1
--- !u!1 &1317091538668536
GameObject:
  m_ObjectHideFlags: 0
  m_PrefabParentObject: {fileID: 0}
  m_PrefabInternal: {fileID: 100100000}
  serializedVersion: 5
  m_Component:
  - component: {fileID: 4986063724724464}
  - component: {fileID: 95797100194707284}
  m_Layer: 0
  m_Name: Sketelon
  m_TagString: Untagged
  m_Icon: {fileID: 0}
  m_NavMeshLayer: 0
  m_StaticEditorFlags: 0
  m_IsActive: 0
--- !u!1 &1322137672632640
GameObject:
  m_ObjectHideFlags: 0
  m_PrefabParentObject: {fileID: 0}
  m_PrefabInternal: {fileID: 100100000}
  serializedVersion: 5
  m_Component:
  - component: {fileID: 4503461194323652}
  m_Layer: 0
  m_Name: Armature
  m_TagString: Untagged
  m_Icon: {fileID: 0}
  m_NavMeshLayer: 0
  m_StaticEditorFlags: 0
  m_IsActive: 1
--- !u!1 &1328749138577008
GameObject:
  m_ObjectHideFlags: 1
  m_PrefabParentObject: {fileID: 0}
  m_PrefabInternal: {fileID: 100100000}
  serializedVersion: 5
  m_Component:
  - component: {fileID: 4542556733970804}
  m_Layer: 0
  m_Name: Arm upper.R
  m_TagString: Untagged
  m_Icon: {fileID: 0}
  m_NavMeshLayer: 0
  m_StaticEditorFlags: 0
  m_IsActive: 1
--- !u!1 &1340829362668282
GameObject:
  m_ObjectHideFlags: 1
  m_PrefabParentObject: {fileID: 0}
  m_PrefabInternal: {fileID: 100100000}
  serializedVersion: 5
  m_Component:
  - component: {fileID: 4478409191141664}
  m_Layer: 0
  m_Name: Index02.R_end
  m_TagString: Untagged
  m_Icon: {fileID: 0}
  m_NavMeshLayer: 0
  m_StaticEditorFlags: 0
  m_IsActive: 1
--- !u!1 &1351614346410386
GameObject:
  m_ObjectHideFlags: 1
  m_PrefabParentObject: {fileID: 0}
  m_PrefabInternal: {fileID: 100100000}
  serializedVersion: 5
  m_Component:
  - component: {fileID: 4645054996481130}
  m_Layer: 0
  m_Name: RingFinger02.L
  m_TagString: Untagged
  m_Icon: {fileID: 0}
  m_NavMeshLayer: 0
  m_StaticEditorFlags: 0
  m_IsActive: 1
--- !u!1 &1385373504098146
GameObject:
  m_ObjectHideFlags: 1
  m_PrefabParentObject: {fileID: 0}
  m_PrefabInternal: {fileID: 100100000}
  serializedVersion: 5
  m_Component:
  - component: {fileID: 4506246102162582}
  m_Layer: 0
  m_Name: Thumb01.R_end
  m_TagString: Untagged
  m_Icon: {fileID: 0}
  m_NavMeshLayer: 0
  m_StaticEditorFlags: 0
  m_IsActive: 1
--- !u!1 &1391194334507466
GameObject:
  m_ObjectHideFlags: 1
  m_PrefabParentObject: {fileID: 0}
  m_PrefabInternal: {fileID: 100100000}
  serializedVersion: 5
  m_Component:
  - component: {fileID: 4881120322766264}
  m_Layer: 0
  m_Name: Pinky02.R
  m_TagString: Untagged
  m_Icon: {fileID: 0}
  m_NavMeshLayer: 0
  m_StaticEditorFlags: 0
  m_IsActive: 1
--- !u!1 &1417390566959470
GameObject:
  m_ObjectHideFlags: 1
  m_PrefabParentObject: {fileID: 0}
  m_PrefabInternal: {fileID: 100100000}
  serializedVersion: 5
  m_Component:
  - component: {fileID: 4460710287839228}
  m_Layer: 0
  m_Name: Leg ik.L_end
  m_TagString: Untagged
  m_Icon: {fileID: 0}
  m_NavMeshLayer: 0
  m_StaticEditorFlags: 0
  m_IsActive: 1
--- !u!1 &1464272349822736
GameObject:
  m_ObjectHideFlags: 1
  m_PrefabParentObject: {fileID: 0}
  m_PrefabInternal: {fileID: 100100000}
  serializedVersion: 5
  m_Component:
  - component: {fileID: 4434021143935730}
  - component: {fileID: 137973708951251562}
  m_Layer: 0
  m_Name: Cube.007
  m_TagString: Untagged
  m_Icon: {fileID: 0}
  m_NavMeshLayer: 0
  m_StaticEditorFlags: 0
  m_IsActive: 1
--- !u!1 &1470307133072452
GameObject:
  m_ObjectHideFlags: 1
  m_PrefabParentObject: {fileID: 0}
  m_PrefabInternal: {fileID: 100100000}
  serializedVersion: 5
  m_Component:
  - component: {fileID: 4327711225790496}
  m_Layer: 0
  m_Name: Foot.L
  m_TagString: Untagged
  m_Icon: {fileID: 0}
  m_NavMeshLayer: 0
  m_StaticEditorFlags: 0
  m_IsActive: 1
--- !u!1 &1493831320607080
GameObject:
  m_ObjectHideFlags: 1
  m_PrefabParentObject: {fileID: 0}
  m_PrefabInternal: {fileID: 100100000}
  serializedVersion: 5
  m_Component:
  - component: {fileID: 4203444083747162}
  m_Layer: 0
  m_Name: RingFinger01.L
  m_TagString: Untagged
  m_Icon: {fileID: 0}
  m_NavMeshLayer: 0
  m_StaticEditorFlags: 0
  m_IsActive: 1
--- !u!1 &1512766199719702
GameObject:
  m_ObjectHideFlags: 1
  m_PrefabParentObject: {fileID: 0}
  m_PrefabInternal: {fileID: 100100000}
  serializedVersion: 5
  m_Component:
  - component: {fileID: 4395247867063726}
  m_Layer: 0
  m_Name: Index01.R
  m_TagString: Untagged
  m_Icon: {fileID: 0}
  m_NavMeshLayer: 0
  m_StaticEditorFlags: 0
  m_IsActive: 1
--- !u!1 &1543092180372628
GameObject:
  m_ObjectHideFlags: 1
  m_PrefabParentObject: {fileID: 0}
  m_PrefabInternal: {fileID: 100100000}
  serializedVersion: 5
  m_Component:
  - component: {fileID: 4372141685164012}
  m_Layer: 0
  m_Name: Leg lower.L
  m_TagString: Untagged
  m_Icon: {fileID: 0}
  m_NavMeshLayer: 0
  m_StaticEditorFlags: 0
  m_IsActive: 1
--- !u!1 &1564722558164954
GameObject:
  m_ObjectHideFlags: 1
  m_PrefabParentObject: {fileID: 0}
  m_PrefabInternal: {fileID: 100100000}
  serializedVersion: 5
  m_Component:
  - component: {fileID: 4351957939901806}
  m_Layer: 0
  m_Name: RingFinger02.R
  m_TagString: Untagged
  m_Icon: {fileID: 0}
  m_NavMeshLayer: 0
  m_StaticEditorFlags: 0
  m_IsActive: 1
--- !u!1 &1565780374440564
GameObject:
  m_ObjectHideFlags: 1
  m_PrefabParentObject: {fileID: 0}
  m_PrefabInternal: {fileID: 100100000}
  serializedVersion: 5
  m_Component:
  - component: {fileID: 4909942155365130}
  m_Layer: 0
  m_Name: Hand.L
  m_TagString: Untagged
  m_Icon: {fileID: 0}
  m_NavMeshLayer: 0
  m_StaticEditorFlags: 0
  m_IsActive: 1
--- !u!1 &1572163916867480
GameObject:
  m_ObjectHideFlags: 1
  m_PrefabParentObject: {fileID: 0}
  m_PrefabInternal: {fileID: 100100000}
  serializedVersion: 5
  m_Component:
  - component: {fileID: 4811374081936308}
  m_Layer: 0
  m_Name: Thumb02.L_end
  m_TagString: Untagged
  m_Icon: {fileID: 0}
  m_NavMeshLayer: 0
  m_StaticEditorFlags: 0
  m_IsActive: 1
--- !u!1 &1581116589766616
GameObject:
  m_ObjectHideFlags: 0
  m_PrefabParentObject: {fileID: 0}
  m_PrefabInternal: {fileID: 100100000}
  serializedVersion: 5
  m_Component:
  - component: {fileID: 4666352062350610}
  - component: {fileID: 137515073806181106}
  m_Layer: 0
  m_Name: Skeleton mesh
  m_TagString: Untagged
  m_Icon: {fileID: 0}
  m_NavMeshLayer: 0
  m_StaticEditorFlags: 0
  m_IsActive: 1
--- !u!1 &1583180073449282
GameObject:
  m_ObjectHideFlags: 1
  m_PrefabParentObject: {fileID: 0}
  m_PrefabInternal: {fileID: 100100000}
  serializedVersion: 5
  m_Component:
  - component: {fileID: 4744958760591542}
  m_Layer: 0
  m_Name: Knee target.L_end
  m_TagString: Untagged
  m_Icon: {fileID: 0}
  m_NavMeshLayer: 0
  m_StaticEditorFlags: 0
  m_IsActive: 1
--- !u!1 &1608436397150196
GameObject:
  m_ObjectHideFlags: 1
  m_PrefabParentObject: {fileID: 0}
  m_PrefabInternal: {fileID: 100100000}
  serializedVersion: 5
  m_Component:
  - component: {fileID: 4845612018790780}
  m_Layer: 0
  m_Name: Knee target.L
  m_TagString: Untagged
  m_Icon: {fileID: 0}
  m_NavMeshLayer: 0
  m_StaticEditorFlags: 0
  m_IsActive: 1
--- !u!1 &1626769095239384
GameObject:
  m_ObjectHideFlags: 1
  m_PrefabParentObject: {fileID: 0}
  m_PrefabInternal: {fileID: 100100000}
  serializedVersion: 5
  m_Component:
  - component: {fileID: 4787998141745556}
  m_Layer: 0
  m_Name: Toes.R
  m_TagString: Untagged
  m_Icon: {fileID: 0}
  m_NavMeshLayer: 0
  m_StaticEditorFlags: 0
  m_IsActive: 1
--- !u!1 &1627157669037376
GameObject:
  m_ObjectHideFlags: 1
  m_PrefabParentObject: {fileID: 0}
  m_PrefabInternal: {fileID: 100100000}
  serializedVersion: 5
  m_Component:
  - component: {fileID: 4631292913989662}
  - component: {fileID: 137236338836371108}
  m_Layer: 0
  m_Name: Cube.002
  m_TagString: Untagged
  m_Icon: {fileID: 0}
  m_NavMeshLayer: 0
  m_StaticEditorFlags: 0
  m_IsActive: 1
--- !u!1 &1677742453859832
GameObject:
  m_ObjectHideFlags: 1
  m_PrefabParentObject: {fileID: 0}
  m_PrefabInternal: {fileID: 100100000}
  serializedVersion: 5
  m_Component:
  - component: {fileID: 4606291640753378}
  m_Layer: 0
  m_Name: Thumb01.R
  m_TagString: Untagged
  m_Icon: {fileID: 0}
  m_NavMeshLayer: 0
  m_StaticEditorFlags: 0
  m_IsActive: 1
--- !u!1 &1709052742612650
GameObject:
  m_ObjectHideFlags: 1
  m_PrefabParentObject: {fileID: 0}
  m_PrefabInternal: {fileID: 100100000}
  serializedVersion: 5
  m_Component:
  - component: {fileID: 4812050712523676}
  m_Layer: 0
  m_Name: Foot.R
  m_TagString: Untagged
  m_Icon: {fileID: 0}
  m_NavMeshLayer: 0
  m_StaticEditorFlags: 0
  m_IsActive: 1
--- !u!1 &1709723032947172
GameObject:
  m_ObjectHideFlags: 1
  m_PrefabParentObject: {fileID: 0}
  m_PrefabInternal: {fileID: 100100000}
  serializedVersion: 5
  m_Component:
  - component: {fileID: 4700613222293570}
  m_Layer: 0
  m_Name: Head
  m_TagString: Untagged
  m_Icon: {fileID: 0}
  m_NavMeshLayer: 0
  m_StaticEditorFlags: 0
  m_IsActive: 1
--- !u!1 &1743915398785106
GameObject:
  m_ObjectHideFlags: 1
  m_PrefabParentObject: {fileID: 0}
  m_PrefabInternal: {fileID: 100100000}
  serializedVersion: 5
  m_Component:
  - component: {fileID: 4108212138595806}
  - component: {fileID: 137468875692396566}
  m_Layer: 0
  m_Name: Cube.009
  m_TagString: Untagged
  m_Icon: {fileID: 0}
  m_NavMeshLayer: 0
  m_StaticEditorFlags: 0
  m_IsActive: 1
--- !u!1 &1745071552896566
GameObject:
  m_ObjectHideFlags: 1
  m_PrefabParentObject: {fileID: 0}
  m_PrefabInternal: {fileID: 100100000}
  serializedVersion: 5
  m_Component:
  - component: {fileID: 4210033527573120}
  m_Layer: 0
  m_Name: Thumb01.L
  m_TagString: Untagged
  m_Icon: {fileID: 0}
  m_NavMeshLayer: 0
  m_StaticEditorFlags: 0
  m_IsActive: 1
--- !u!1 &1761296760432008
GameObject:
  m_ObjectHideFlags: 1
  m_PrefabParentObject: {fileID: 0}
  m_PrefabInternal: {fileID: 100100000}
  serializedVersion: 5
  m_Component:
  - component: {fileID: 4848513837611582}
  m_Layer: 0
  m_Name: Arm lower.R.001
  m_TagString: Untagged
  m_Icon: {fileID: 0}
  m_NavMeshLayer: 0
  m_StaticEditorFlags: 0
  m_IsActive: 1
--- !u!1 &1767398830426332
GameObject:
  m_ObjectHideFlags: 1
  m_PrefabParentObject: {fileID: 0}
  m_PrefabInternal: {fileID: 100100000}
  serializedVersion: 5
  m_Component:
  - component: {fileID: 4582554714944616}
  m_Layer: 0
  m_Name: Toes.R_end
  m_TagString: Untagged
  m_Icon: {fileID: 0}
  m_NavMeshLayer: 0
  m_StaticEditorFlags: 0
  m_IsActive: 1
--- !u!1 &1785299978260456
GameObject:
  m_ObjectHideFlags: 1
  m_PrefabParentObject: {fileID: 0}
  m_PrefabInternal: {fileID: 100100000}
  serializedVersion: 5
  m_Component:
  - component: {fileID: 4525597182711618}
  m_Layer: 0
  m_Name: Pinky02.L_end
  m_TagString: Untagged
  m_Icon: {fileID: 0}
  m_NavMeshLayer: 0
  m_StaticEditorFlags: 0
  m_IsActive: 1
--- !u!1 &1789019461547200
GameObject:
  m_ObjectHideFlags: 1
  m_PrefabParentObject: {fileID: 0}
  m_PrefabInternal: {fileID: 100100000}
  serializedVersion: 5
  m_Component:
  - component: {fileID: 4891706398959826}
  m_Layer: 0
  m_Name: MiddleFinger01.L
  m_TagString: Untagged
  m_Icon: {fileID: 0}
  m_NavMeshLayer: 0
  m_StaticEditorFlags: 0
  m_IsActive: 1
--- !u!1 &1793240864712870
GameObject:
  m_ObjectHideFlags: 1
  m_PrefabParentObject: {fileID: 0}
  m_PrefabInternal: {fileID: 100100000}
  serializedVersion: 5
  m_Component:
  - component: {fileID: 4525892145941652}
  m_Layer: 0
  m_Name: Neck
  m_TagString: Untagged
  m_Icon: {fileID: 0}
  m_NavMeshLayer: 0
  m_StaticEditorFlags: 0
  m_IsActive: 1
--- !u!1 &1812137813317086
GameObject:
  m_ObjectHideFlags: 1
  m_PrefabParentObject: {fileID: 0}
  m_PrefabInternal: {fileID: 100100000}
  serializedVersion: 5
  m_Component:
  - component: {fileID: 4946501824053840}
  - component: {fileID: 137594813990727548}
  m_Layer: 0
  m_Name: Cube.005
  m_TagString: Untagged
  m_Icon: {fileID: 0}
  m_NavMeshLayer: 0
  m_StaticEditorFlags: 0
  m_IsActive: 1
--- !u!1 &1814082832491764
GameObject:
  m_ObjectHideFlags: 1
  m_PrefabParentObject: {fileID: 0}
  m_PrefabInternal: {fileID: 100100000}
  serializedVersion: 5
  m_Component:
  - component: {fileID: 4340827545320394}
  m_Layer: 0
  m_Name: Hips
  m_TagString: Untagged
  m_Icon: {fileID: 0}
  m_NavMeshLayer: 0
  m_StaticEditorFlags: 0
  m_IsActive: 1
--- !u!1 &1820563653999668
GameObject:
  m_ObjectHideFlags: 1
  m_PrefabParentObject: {fileID: 0}
  m_PrefabInternal: {fileID: 100100000}
  serializedVersion: 5
  m_Component:
  - component: {fileID: 4115854497707680}
  m_Layer: 0
  m_Name: Pinky02.L
  m_TagString: Untagged
  m_Icon: {fileID: 0}
  m_NavMeshLayer: 0
  m_StaticEditorFlags: 0
  m_IsActive: 1
--- !u!1 &1829107428184234
GameObject:
  m_ObjectHideFlags: 1
  m_PrefabParentObject: {fileID: 0}
  m_PrefabInternal: {fileID: 100100000}
  serializedVersion: 5
  m_Component:
  - component: {fileID: 4615836467195358}
  m_Layer: 0
  m_Name: Knee target.R
  m_TagString: Untagged
  m_Icon: {fileID: 0}
  m_NavMeshLayer: 0
  m_StaticEditorFlags: 0
  m_IsActive: 1
--- !u!1 &1837093240208008
GameObject:
  m_ObjectHideFlags: 1
  m_PrefabParentObject: {fileID: 0}
  m_PrefabInternal: {fileID: 100100000}
  serializedVersion: 5
  m_Component:
  - component: {fileID: 4554898107078562}
  m_Layer: 0
  m_Name: Pinky01.R
  m_TagString: Untagged
  m_Icon: {fileID: 0}
  m_NavMeshLayer: 0
  m_StaticEditorFlags: 0
  m_IsActive: 1
--- !u!1 &1843624549097384
GameObject:
  m_ObjectHideFlags: 1
  m_PrefabParentObject: {fileID: 0}
  m_PrefabInternal: {fileID: 100100000}
  serializedVersion: 5
  m_Component:
  - component: {fileID: 4622005568900518}
  m_Layer: 0
  m_Name: Thumb02.R
  m_TagString: Untagged
  m_Icon: {fileID: 0}
  m_NavMeshLayer: 0
  m_StaticEditorFlags: 0
  m_IsActive: 1
--- !u!1 &1868631239412886
GameObject:
  m_ObjectHideFlags: 1
  m_PrefabParentObject: {fileID: 0}
  m_PrefabInternal: {fileID: 100100000}
  serializedVersion: 5
  m_Component:
  - component: {fileID: 4826707635932838}
  m_Layer: 0
  m_Name: Spine
  m_TagString: Untagged
  m_Icon: {fileID: 0}
  m_NavMeshLayer: 0
  m_StaticEditorFlags: 0
  m_IsActive: 1
--- !u!1 &1901819047928638
GameObject:
  m_ObjectHideFlags: 1
  m_PrefabParentObject: {fileID: 0}
  m_PrefabInternal: {fileID: 100100000}
  serializedVersion: 5
  m_Component:
  - component: {fileID: 4745116308584252}
  m_Layer: 0
  m_Name: Leg ik.L
  m_TagString: Untagged
  m_Icon: {fileID: 0}
  m_NavMeshLayer: 0
  m_StaticEditorFlags: 0
  m_IsActive: 1
--- !u!1 &1904080939521744
GameObject:
  m_ObjectHideFlags: 1
  m_PrefabParentObject: {fileID: 0}
  m_PrefabInternal: {fileID: 100100000}
  serializedVersion: 5
  m_Component:
  - component: {fileID: 4908189547392816}
  m_Layer: 0
  m_Name: Thumb02.L
  m_TagString: Untagged
  m_Icon: {fileID: 0}
  m_NavMeshLayer: 0
  m_StaticEditorFlags: 0
  m_IsActive: 1
--- !u!1 &1908758689608474
GameObject:
  m_ObjectHideFlags: 1
  m_PrefabParentObject: {fileID: 0}
  m_PrefabInternal: {fileID: 100100000}
  serializedVersion: 5
  m_Component:
  - component: {fileID: 4664942476588292}
  - component: {fileID: 137825148076834482}
  m_Layer: 0
  m_Name: Cube.001
  m_TagString: Untagged
  m_Icon: {fileID: 0}
  m_NavMeshLayer: 0
  m_StaticEditorFlags: 0
  m_IsActive: 1
--- !u!1 &1924275569893086
GameObject:
  m_ObjectHideFlags: 1
  m_PrefabParentObject: {fileID: 0}
  m_PrefabInternal: {fileID: 100100000}
  serializedVersion: 5
  m_Component:
  - component: {fileID: 4030337290271520}
  m_Layer: 0
  m_Name: MiddleFinger02.L_end
  m_TagString: Untagged
  m_Icon: {fileID: 0}
  m_NavMeshLayer: 0
  m_StaticEditorFlags: 0
  m_IsActive: 1
--- !u!4 &4009856143182286
Transform:
  m_ObjectHideFlags: 1
  m_PrefabParentObject: {fileID: 0}
  m_PrefabInternal: {fileID: 100100000}
  m_GameObject: {fileID: 1289508430330560}
  m_LocalRotation: {x: -0.7071068, y: 0, z: -0, w: 0.7071067}
  m_LocalPosition: {x: -0, y: 0, z: 0}
  m_LocalScale: {x: 100, y: 100, z: 100}
  m_Children: []
  m_Father: {fileID: 4655798880477440}
  m_RootOrder: 6
  m_LocalEulerAnglesHint: {x: 0, y: 0, z: 0}
--- !u!4 &4030337290271520
Transform:
  m_ObjectHideFlags: 1
  m_PrefabParentObject: {fileID: 0}
  m_PrefabInternal: {fileID: 100100000}
  m_GameObject: {fileID: 1924275569893086}
  m_LocalRotation: {x: 0, y: -0, z: -0, w: 1}
  m_LocalPosition: {x: -0, y: 0.0006254204, z: 0}
  m_LocalScale: {x: 1, y: 1, z: 1}
  m_Children: []
  m_Father: {fileID: 4663348502470294}
  m_RootOrder: 0
  m_LocalEulerAnglesHint: {x: 0, y: 0, z: 0}
--- !u!4 &4038710228926952
Transform:
  m_ObjectHideFlags: 1
  m_PrefabParentObject: {fileID: 0}
  m_PrefabInternal: {fileID: 100100000}
  m_GameObject: {fileID: 1260604297317356}
  m_LocalRotation: {x: -0.012813854, y: 0.05208417, z: 0.1523032, w: 0.9868773}
  m_LocalPosition: {x: 7.206914e-11, y: 0.0005353323, z: 1.5832484e-10}
  m_LocalScale: {x: 0.99999994, y: 0.9999999, z: 0.9999999}
  m_Children:
  - {fileID: 4854881444368626}
  m_Father: {fileID: 4980295799850040}
  m_RootOrder: 0
  m_LocalEulerAnglesHint: {x: 0, y: 0, z: 0}
--- !u!4 &4108212138595806
Transform:
  m_ObjectHideFlags: 1
  m_PrefabParentObject: {fileID: 0}
  m_PrefabInternal: {fileID: 100100000}
  m_GameObject: {fileID: 1743915398785106}
  m_LocalRotation: {x: -0.7071068, y: 0, z: -0, w: 0.7071067}
  m_LocalPosition: {x: -0, y: 0, z: 0}
  m_LocalScale: {x: 100, y: 100, z: 100}
  m_Children: []
  m_Father: {fileID: 4655798880477440}
  m_RootOrder: 9
  m_LocalEulerAnglesHint: {x: 0, y: 0, z: 0}
--- !u!4 &4115854497707680
Transform:
  m_ObjectHideFlags: 1
  m_PrefabParentObject: {fileID: 0}
  m_PrefabInternal: {fileID: 100100000}
  m_GameObject: {fileID: 1820563653999668}
  m_LocalRotation: {x: -0.056259356, y: 0.015980136, z: 0.21544252, w: 0.9747636}
  m_LocalPosition: {x: -8.1919166e-11, y: 0.0004933435, z: -7.101335e-11}
  m_LocalScale: {x: 1.0000001, y: 1, z: 1}
  m_Children:
  - {fileID: 4525597182711618}
  m_Father: {fileID: 4857735524207932}
  m_RootOrder: 0
  m_LocalEulerAnglesHint: {x: 0, y: 0, z: 0}
--- !u!4 &4165600131468294
Transform:
  m_ObjectHideFlags: 1
  m_PrefabParentObject: {fileID: 0}
  m_PrefabInternal: {fileID: 100100000}
  m_GameObject: {fileID: 1206577047193248}
  m_LocalRotation: {x: 0, y: -0, z: -0, w: 1}
  m_LocalPosition: {x: -0, y: 0.00041838337, z: 0}
  m_LocalScale: {x: 1, y: 1, z: 1}
  m_Children: []
  m_Father: {fileID: 4622005568900518}
  m_RootOrder: 0
  m_LocalEulerAnglesHint: {x: 0, y: 0, z: 0}
--- !u!4 &4192452082570422
Transform:
  m_ObjectHideFlags: 1
  m_PrefabParentObject: {fileID: 0}
  m_PrefabInternal: {fileID: 100100000}
  m_GameObject: {fileID: 1010778399018450}
  m_LocalRotation: {x: 0.16686156, y: -0.000734215, z: -0.11300422, w: 0.97948295}
  m_LocalPosition: {x: 5.961475e-10, y: 0.0035993792, z: 1.0244548e-10}
  m_LocalScale: {x: 1, y: 0.99999994, z: 0.9999998}
  m_Children:
  - {fileID: 4848513837611582}
  m_Father: {fileID: 4542556733970804}
  m_RootOrder: 0
  m_LocalEulerAnglesHint: {x: 0, y: 0, z: 0}
--- !u!4 &4193633536756486
Transform:
  m_ObjectHideFlags: 1
  m_PrefabParentObject: {fileID: 0}
  m_PrefabInternal: {fileID: 100100000}
  m_GameObject: {fileID: 1314372158378606}
  m_LocalRotation: {x: 0, y: -0, z: -0, w: 1}
  m_LocalPosition: {x: -0, y: 0.000625419, z: 0}
  m_LocalScale: {x: 1, y: 1, z: 1}
  m_Children: []
  m_Father: {fileID: 4351957939901806}
  m_RootOrder: 0
  m_LocalEulerAnglesHint: {x: 0, y: 0, z: 0}
--- !u!4 &4203444083747162
Transform:
  m_ObjectHideFlags: 1
  m_PrefabParentObject: {fileID: 0}
  m_PrefabInternal: {fileID: 100100000}
  m_GameObject: {fileID: 1493831320607080}
  m_LocalRotation: {x: -0.000072489405, y: -0.67737997, z: 0.20287119, w: 0.70710653}
  m_LocalPosition: {x: 0.00013464899, y: 0.000293509, z: -0.000046350808}
  m_LocalScale: {x: 1.0000001, y: 1.0000001, z: 1}
  m_Children:
  - {fileID: 4645054996481130}
  m_Father: {fileID: 4909942155365130}
  m_RootOrder: 3
  m_LocalEulerAnglesHint: {x: 0, y: 0, z: 0}
--- !u!4 &4210033527573120
Transform:
  m_ObjectHideFlags: 1
  m_PrefabParentObject: {fileID: 0}
  m_PrefabInternal: {fileID: 100100000}
  m_GameObject: {fileID: 1745071552896566}
  m_LocalRotation: {x: -0.047687955, y: -0.48506323, z: 0.5145032, w: 0.705497}
  m_LocalPosition: {x: -0.000119836855, y: 0.000054693453, z: -0.00010491147}
  m_LocalScale: {x: 1, y: 1, z: 1}
  m_Children:
  - {fileID: 4908189547392816}
  m_Father: {fileID: 4909942155365130}
  m_RootOrder: 4
  m_LocalEulerAnglesHint: {x: 0, y: 0, z: 0}
--- !u!4 &4251357032619166
Transform:
  m_ObjectHideFlags: 1
  m_PrefabParentObject: {fileID: 0}
  m_PrefabInternal: {fileID: 100100000}
  m_GameObject: {fileID: 1133578400941084}
  m_LocalRotation: {x: -0.012813875, y: -0.052084293, z: -0.15230331, w: 0.98687726}
  m_LocalPosition: {x: -3.307264e-11, y: 0.0005353321, z: -3.352761e-10}
  m_LocalScale: {x: 0.99999994, y: 1, z: 0.99999994}
  m_Children:
  - {fileID: 4478409191141664}
  m_Father: {fileID: 4395247867063726}
  m_RootOrder: 0
  m_LocalEulerAnglesHint: {x: 0, y: 0, z: 0}
--- !u!4 &4257045408507310
Transform:
  m_ObjectHideFlags: 1
  m_PrefabParentObject: {fileID: 0}
  m_PrefabInternal: {fileID: 100100000}
  m_GameObject: {fileID: 1015512286731150}
  m_LocalRotation: {x: 0.11657104, y: 0.0000017539384, z: 0.00000026193263, w: 0.99318236}
  m_LocalPosition: {x: 1.6207195e-11, y: 0.0012195378, z: -1.8626451e-11}
  m_LocalScale: {x: 1, y: 1, z: 1}
  m_Children:
  - {fileID: 4918324188387376}
  m_Father: {fileID: 4327711225790496}
  m_RootOrder: 0
  m_LocalEulerAnglesHint: {x: 0, y: 0, z: 0}
--- !u!4 &4313452523228518
Transform:
  m_ObjectHideFlags: 1
  m_PrefabParentObject: {fileID: 0}
  m_PrefabInternal: {fileID: 100100000}
  m_GameObject: {fileID: 1254909898545676}
  m_LocalRotation: {x: -0.0049103876, y: 0.10671999, z: 0.9942721, w: -0.0031152586}
  m_LocalPosition: {x: -0.0011322502, y: -0.00003574084, z: 0.00020432535}
  m_LocalScale: {x: 1.0000029, y: 1.0000001, z: 1.0000322}
  m_Children:
  - {fileID: 4372141685164012}
  m_Father: {fileID: 4340827545320394}
  m_RootOrder: 0
  m_LocalEulerAnglesHint: {x: 0, y: 0, z: 0}
--- !u!4 &4327711225790496
Transform:
  m_ObjectHideFlags: 1
  m_PrefabParentObject: {fileID: 0}
  m_PrefabInternal: {fileID: 100100000}
  m_GameObject: {fileID: 1470307133072452}
  m_LocalRotation: {x: 0.67832476, y: 0.08729806, z: -0.039623827, w: 0.728481}
  m_LocalPosition: {x: 1.9204889e-10, y: 0.0049742106, z: -2.561137e-11}
  m_LocalScale: {x: 1.0000061, y: 0.9999795, z: 1.0000255}
  m_Children:
  - {fileID: 4257045408507310}
  m_Father: {fileID: 4372141685164012}
  m_RootOrder: 0
  m_LocalEulerAnglesHint: {x: 0, y: 0, z: 0}
--- !u!4 &4340827545320394
Transform:
  m_ObjectHideFlags: 1
  m_PrefabParentObject: {fileID: 0}
  m_PrefabInternal: {fileID: 100100000}
  m_GameObject: {fileID: 1814082832491764}
  m_LocalRotation: {x: 0.74325085, y: 0.008999378, z: -0.006970155, w: 0.668916}
  m_LocalPosition: {x: -0.000028326143, y: -0.00019011316, z: 0.009618082}
  m_LocalScale: {x: 1, y: 1, z: 1}
  m_Children:
  - {fileID: 4313452523228518}
  - {fileID: 4518879788786636}
  - {fileID: 4826707635932838}
  m_Father: {fileID: 4503461194323652}
  m_RootOrder: 0
  m_LocalEulerAnglesHint: {x: 0, y: 0, z: 0}
--- !u!4 &4351957939901806
Transform:
  m_ObjectHideFlags: 1
  m_PrefabParentObject: {fileID: 0}
  m_PrefabInternal: {fileID: 100100000}
  m_GameObject: {fileID: 1564722558164954}
  m_LocalRotation: {x: -0.060666867, y: -0.03806528, z: -0.16307186, w: 0.98401123}
  m_LocalPosition: {x: -3.3614025e-10, y: 0.0005271738, z: -2.7474015e-10}
  m_LocalScale: {x: 0.99999994, y: 1.0000001, z: 0.99999994}
  m_Children:
  - {fileID: 4193633536756486}
  m_Father: {fileID: 4904309344706084}
  m_RootOrder: 0
  m_LocalEulerAnglesHint: {x: 0, y: 0, z: 0}
--- !u!4 &4355944200526162
Transform:
  m_ObjectHideFlags: 1
  m_PrefabParentObject: {fileID: 0}
  m_PrefabInternal: {fileID: 100100000}
  m_GameObject: {fileID: 1150619356051270}
  m_LocalRotation: {x: 0, y: -0, z: -0, w: 1}
  m_LocalPosition: {x: -0, y: 0.0010629796, z: 0}
  m_LocalScale: {x: 1, y: 1, z: 1}
  m_Children: []
  m_Father: {fileID: 4673236808242252}
  m_RootOrder: 0
  m_LocalEulerAnglesHint: {x: 0, y: 0, z: 0}
--- !u!4 &4372141685164012
Transform:
  m_ObjectHideFlags: 1
  m_PrefabParentObject: {fileID: 0}
  m_PrefabInternal: {fileID: 100100000}
  m_GameObject: {fileID: 1543092180372628}
  m_LocalRotation: {x: -0.14324054, y: -0.019785864, z: -0.0057974076, w: 0.98947316}
  m_LocalPosition: {x: -1.10594554e-10, y: 0.0043545584, z: -4.8894434e-11}
  m_LocalScale: {x: 0.99999934, y: 0.99999875, z: 1.0000027}
  m_Children:
  - {fileID: 4327711225790496}
  m_Father: {fileID: 4313452523228518}
  m_RootOrder: 0
  m_LocalEulerAnglesHint: {x: 0, y: 0, z: 0}
--- !u!4 &4386797392837952
Transform:
  m_ObjectHideFlags: 1
  m_PrefabParentObject: {fileID: 0}
  m_PrefabInternal: {fileID: 100100000}
  m_GameObject: {fileID: 1132666267937780}
  m_LocalRotation: {x: 0, y: -0, z: -0, w: 1}
  m_LocalPosition: {x: -0, y: 0.000625419, z: 0}
  m_LocalScale: {x: 1, y: 1, z: 1}
  m_Children: []
  m_Father: {fileID: 4645054996481130}
  m_RootOrder: 0
  m_LocalEulerAnglesHint: {x: 0, y: 0, z: 0}
--- !u!4 &4395247867063726
Transform:
  m_ObjectHideFlags: 1
  m_PrefabParentObject: {fileID: 0}
  m_PrefabInternal: {fileID: 100100000}
  m_GameObject: {fileID: 1512766199719702}
  m_LocalRotation: {x: 0.008170283, y: 0.6687376, z: -0.22976093, w: 0.70705956}
  m_LocalPosition: {x: 0.0001368561, y: 0.0002599413, z: -0.000034019795}
  m_LocalScale: {x: 0.9999998, y: 0.9999999, z: 1}
  m_Children:
  - {fileID: 4251357032619166}
  m_Father: {fileID: 4848513837611582}
  m_RootOrder: 0
  m_LocalEulerAnglesHint: {x: 0, y: 0, z: 0}
--- !u!4 &4408929125634974
Transform:
  m_ObjectHideFlags: 1
  m_PrefabParentObject: {fileID: 0}
  m_PrefabInternal: {fileID: 100100000}
  m_GameObject: {fileID: 1307776644277266}
  m_LocalRotation: {x: -0.14323545, y: 0.019785943, z: 0.0057971836, w: 0.9894739}
  m_LocalPosition: {x: 3.352761e-10, y: 0.0043545584, z: -7.2759576e-11}
  m_LocalScale: {x: 0.99999994, y: 0.99999934, z: 1.0000007}
  m_Children:
  - {fileID: 4812050712523676}
  m_Father: {fileID: 4518879788786636}
  m_RootOrder: 0
  m_LocalEulerAnglesHint: {x: 0, y: 0, z: 0}
--- !u!4 &4425854116118862
Transform:
  m_ObjectHideFlags: 1
  m_PrefabParentObject: {fileID: 0}
  m_PrefabInternal: {fileID: 100100000}
  m_GameObject: {fileID: 1118838960716554}
  m_LocalRotation: {x: 0, y: -0, z: -0, w: 1}
  m_LocalPosition: {x: -0, y: 0.0018972591, z: 0}
  m_LocalScale: {x: 1, y: 1, z: 1}
  m_Children: []
  m_Father: {fileID: 4700613222293570}
  m_RootOrder: 0
  m_LocalEulerAnglesHint: {x: 0, y: 0, z: 0}
--- !u!4 &4434021143935730
Transform:
  m_ObjectHideFlags: 1
  m_PrefabParentObject: {fileID: 0}
  m_PrefabInternal: {fileID: 100100000}
  m_GameObject: {fileID: 1464272349822736}
  m_LocalRotation: {x: -0.7071068, y: 0, z: -0, w: 0.7071067}
  m_LocalPosition: {x: -0, y: 0, z: 0}
  m_LocalScale: {x: 100, y: 100, z: 100}
  m_Children: []
  m_Father: {fileID: 4655798880477440}
  m_RootOrder: 7
  m_LocalEulerAnglesHint: {x: 0, y: 0, z: 0}
--- !u!4 &4460710287839228
Transform:
  m_ObjectHideFlags: 1
  m_PrefabParentObject: {fileID: 0}
  m_PrefabInternal: {fileID: 100100000}
  m_GameObject: {fileID: 1417390566959470}
  m_LocalRotation: {x: 0, y: -0, z: -0, w: 1}
  m_LocalPosition: {x: -0, y: 0.0010629796, z: 0}
  m_LocalScale: {x: 1, y: 1, z: 1}
  m_Children: []
  m_Father: {fileID: 4745116308584252}
  m_RootOrder: 0
  m_LocalEulerAnglesHint: {x: 0, y: 0, z: 0}
--- !u!4 &4478409191141664
Transform:
  m_ObjectHideFlags: 1
  m_PrefabParentObject: {fileID: 0}
  m_PrefabInternal: {fileID: 100100000}
  m_GameObject: {fileID: 1340829362668282}
  m_LocalRotation: {x: 0, y: -0, z: -0, w: 1}
  m_LocalPosition: {x: -0, y: 0.0005635044, z: 0}
  m_LocalScale: {x: 1, y: 1, z: 1}
  m_Children: []
  m_Father: {fileID: 4251357032619166}
  m_RootOrder: 0
  m_LocalEulerAnglesHint: {x: 0, y: 0, z: 0}
--- !u!4 &4503461194323652
Transform:
  m_ObjectHideFlags: 1
  m_PrefabParentObject: {fileID: 0}
  m_PrefabInternal: {fileID: 100100000}
  m_GameObject: {fileID: 1322137672632640}
  m_LocalRotation: {x: -0.7071069, y: -0, z: -0, w: 0.70710677}
  m_LocalPosition: {x: 0, y: 0, z: 0}
  m_LocalScale: {x: 100, y: 100, z: 100}
  m_Children:
  - {fileID: 4340827545320394}
  - {fileID: 4845612018790780}
  - {fileID: 4615836467195358}
  - {fileID: 4745116308584252}
  - {fileID: 4673236808242252}
  m_Father: {fileID: 4986063724724464}
  m_RootOrder: 0
  m_LocalEulerAnglesHint: {x: 0, y: 0, z: 0}
--- !u!4 &4506246102162582
Transform:
  m_ObjectHideFlags: 1
  m_PrefabParentObject: {fileID: 0}
  m_PrefabInternal: {fileID: 100100000}
  m_GameObject: {fileID: 1385373504098146}
  m_LocalRotation: {x: 0, y: -0, z: -0, w: 1}
  m_LocalPosition: {x: -0, y: 0.00028908596, z: 0}
  m_LocalScale: {x: 1, y: 1, z: 1}
  m_Children: []
  m_Father: {fileID: 4606291640753378}
  m_RootOrder: 0
  m_LocalEulerAnglesHint: {x: 0, y: 0, z: 0}
--- !u!4 &4509820934280050
Transform:
  m_ObjectHideFlags: 1
  m_PrefabParentObject: {fileID: 0}
  m_PrefabInternal: {fileID: 100100000}
  m_GameObject: {fileID: 1274153264210272}
  m_LocalRotation: {x: 0, y: -0, z: -0, w: 1}
  m_LocalPosition: {x: -0, y: 0.0006254204, z: 0}
  m_LocalScale: {x: 1, y: 1, z: 1}
  m_Children: []
  m_Father: {fileID: 4928917709871142}
  m_RootOrder: 0
  m_LocalEulerAnglesHint: {x: 0, y: 0, z: 0}
--- !u!4 &4518879788786636
Transform:
  m_ObjectHideFlags: 1
  m_PrefabParentObject: {fileID: 0}
  m_PrefabInternal: {fileID: 100100000}
  m_GameObject: {fileID: 1055944025212254}
  m_LocalRotation: {x: 0.00082610914, y: 0.10683829, z: 0.9940892, w: -0.01927614}
  m_LocalPosition: {x: 0.001188651, y: 0.000016963038, z: 0.00020822193}
  m_LocalScale: {x: 1.0000002, y: 1, z: 1.0000094}
  m_Children:
  - {fileID: 4408929125634974}
  m_Father: {fileID: 4340827545320394}
  m_RootOrder: 1
  m_LocalEulerAnglesHint: {x: 0, y: 0, z: 0}
--- !u!4 &4525597182711618
Transform:
  m_ObjectHideFlags: 1
  m_PrefabParentObject: {fileID: 0}
  m_PrefabInternal: {fileID: 100100000}
  m_GameObject: {fileID: 1785299978260456}
  m_LocalRotation: {x: 0, y: -0, z: -0, w: 1}
  m_LocalPosition: {x: -0, y: 0.00048613476, z: 0}
  m_LocalScale: {x: 1, y: 1, z: 1}
  m_Children: []
  m_Father: {fileID: 4115854497707680}
  m_RootOrder: 0
  m_LocalEulerAnglesHint: {x: 0, y: 0, z: 0}
--- !u!4 &4525892145941652
Transform:
  m_ObjectHideFlags: 1
  m_PrefabParentObject: {fileID: 0}
  m_PrefabInternal: {fileID: 100100000}
  m_GameObject: {fileID: 1793240864712870}
  m_LocalRotation: {x: -0.15475272, y: 0.000374288, z: -0.0022540179, w: 0.9879506}
  m_LocalPosition: {x: -5.076127e-12, y: 0.0035873349, z: 2.9107728e-12}
  m_LocalScale: {x: 0.99999994, y: 1.0000001, z: 0.9999999}
  m_Children:
  - {fileID: 4700613222293570}
  m_Father: {fileID: 4773663474962766}
  m_RootOrder: 2
  m_LocalEulerAnglesHint: {x: 0, y: 0, z: 0}
--- !u!4 &4542556733970804
Transform:
  m_ObjectHideFlags: 1
  m_PrefabParentObject: {fileID: 0}
  m_PrefabInternal: {fileID: 100100000}
  m_GameObject: {fileID: 1328749138577008}
  m_LocalRotation: {x: 0.013587459, y: -0.081303366, z: 0.98197126, w: -0.1701105}
  m_LocalPosition: {x: 0.0016137146, y: 0.0027210903, z: 0.00015842431}
  m_LocalScale: {x: 1.0000002, y: 1, z: 1.0000001}
  m_Children:
  - {fileID: 4192452082570422}
  m_Father: {fileID: 4773663474962766}
  m_RootOrder: 1
  m_LocalEulerAnglesHint: {x: 0, y: 0, z: 0}
--- !u!4 &4546641450648348
Transform:
  m_ObjectHideFlags: 1
  m_PrefabParentObject: {fileID: 0}
  m_PrefabInternal: {fileID: 100100000}
  m_GameObject: {fileID: 1129874057426304}
  m_LocalRotation: {x: 0, y: -0, z: -0, w: 1}
  m_LocalPosition: {x: -0, y: 0.001740027, z: 0}
  m_LocalScale: {x: 1, y: 1, z: 1}
  m_Children: []
  m_Father: {fileID: 4615836467195358}
  m_RootOrder: 0
  m_LocalEulerAnglesHint: {x: 0, y: 0, z: 0}
--- !u!4 &4554898107078562
Transform:
  m_ObjectHideFlags: 1
  m_PrefabParentObject: {fileID: 0}
  m_PrefabInternal: {fileID: 100100000}
  m_GameObject: {fileID: 1837093240208008}
  m_LocalRotation: {x: -0.052173328, y: 0.69222814, z: -0.14430696, w: 0.7051764}
  m_LocalPosition: {x: -0.00022218339, y: 0.00030444708, z: -0.000050369053}
  m_LocalScale: {x: 1.0000001, y: 1.0000002, z: 1}
  m_Children:
  - {fileID: 4881120322766264}
  m_Father: {fileID: 4848513837611582}
  m_RootOrder: 2
  m_LocalEulerAnglesHint: {x: 0, y: 0, z: 0}
--- !u!4 &4582554714944616
Transform:
  m_ObjectHideFlags: 1
  m_PrefabParentObject: {fileID: 0}
  m_PrefabInternal: {fileID: 100100000}
  m_GameObject: {fileID: 1767398830426332}
  m_LocalRotation: {x: 0, y: -0, z: -0, w: 1}
  m_LocalPosition: {x: -0, y: 0.0006092831, z: 0}
  m_LocalScale: {x: 1, y: 1, z: 1}
  m_Children: []
  m_Father: {fileID: 4787998141745556}
  m_RootOrder: 0
  m_LocalEulerAnglesHint: {x: 0, y: 0, z: 0}
--- !u!4 &4606291640753378
Transform:
  m_ObjectHideFlags: 1
  m_PrefabParentObject: {fileID: 0}
  m_PrefabInternal: {fileID: 100100000}
  m_GameObject: {fileID: 1677742453859832}
  m_LocalRotation: {x: -0.047687996, y: 0.4850634, z: -0.5145031, w: 0.70549697}
  m_LocalPosition: {x: 0.00011983685, y: 0.000054692653, z: -0.00010491103}
  m_LocalScale: {x: 0.99999994, y: 1.0000001, z: 1}
  m_Children:
  - {fileID: 4506246102162582}
  m_Father: {fileID: 4848513837611582}
  m_RootOrder: 4
  m_LocalEulerAnglesHint: {x: 0, y: 0, z: 0}
--- !u!4 &4612138149684770
Transform:
  m_ObjectHideFlags: 1
  m_PrefabParentObject: {fileID: 0}
  m_PrefabInternal: {fileID: 100100000}
  m_GameObject: {fileID: 1219832722845792}
  m_LocalRotation: {x: -0.7071068, y: 0, z: -0, w: 0.7071067}
  m_LocalPosition: {x: -0, y: 0, z: 0}
  m_LocalScale: {x: 100, y: 100, z: 100}
  m_Children: []
  m_Father: {fileID: 4655798880477440}
  m_RootOrder: 0
  m_LocalEulerAnglesHint: {x: 0, y: 0, z: 0}
--- !u!4 &4615836467195358
Transform:
  m_ObjectHideFlags: 1
  m_PrefabParentObject: {fileID: 0}
  m_PrefabInternal: {fileID: 100100000}
  m_GameObject: {fileID: 1829107428184234}
  m_LocalRotation: {x: 0.7071068, y: 0, z: 0, w: 0.7071067}
  m_LocalPosition: {x: 0.0012982644, y: -0.004748515, z: 0.005220198}
  m_LocalScale: {x: 1, y: 1, z: 1}
  m_Children:
  - {fileID: 4546641450648348}
  m_Father: {fileID: 4503461194323652}
  m_RootOrder: 2
  m_LocalEulerAnglesHint: {x: 0, y: 0, z: 0}
--- !u!4 &4622005568900518
Transform:
  m_ObjectHideFlags: 1
  m_PrefabParentObject: {fileID: 0}
  m_PrefabInternal: {fileID: 100100000}
  m_GameObject: {fileID: 1843624549097384}
  m_LocalRotation: {x: -0.11007197, y: 0.55097765, z: -0.44319683, w: 0.6984872}
  m_LocalPosition: {x: 0.00031632785, y: 0.00018941418, z: -0.00026865542}
  m_LocalScale: {x: 1, y: 0.99999976, z: 0.99999994}
  m_Children:
  - {fileID: 4165600131468294}
  m_Father: {fileID: 4848513837611582}
  m_RootOrder: 5
  m_LocalEulerAnglesHint: {x: 0, y: 0, z: 0}
--- !u!4 &4631292913989662
Transform:
  m_ObjectHideFlags: 1
  m_PrefabParentObject: {fileID: 0}
  m_PrefabInternal: {fileID: 100100000}
  m_GameObject: {fileID: 1627157669037376}
  m_LocalRotation: {x: -0.7071068, y: 0, z: -0, w: 0.7071067}
  m_LocalPosition: {x: -0, y: 0, z: 0}
  m_LocalScale: {x: 100, y: 100, z: 100}
  m_Children: []
  m_Father: {fileID: 4655798880477440}
  m_RootOrder: 2
  m_LocalEulerAnglesHint: {x: 0, y: 0, z: 0}
--- !u!4 &4642453764448716
Transform:
  m_ObjectHideFlags: 1
  m_PrefabParentObject: {fileID: 0}
  m_PrefabInternal: {fileID: 100100000}
  m_GameObject: {fileID: 1034713554813634}
  m_LocalRotation: {x: -0.7071068, y: 0, z: -0, w: 0.7071067}
  m_LocalPosition: {x: -0, y: 0, z: 0}
  m_LocalScale: {x: 100, y: 100, z: 100}
  m_Children: []
  m_Father: {fileID: 4655798880477440}
  m_RootOrder: 4
  m_LocalEulerAnglesHint: {x: 0, y: 0, z: 0}
--- !u!4 &4645054996481130
Transform:
  m_ObjectHideFlags: 1
  m_PrefabParentObject: {fileID: 0}
  m_PrefabInternal: {fileID: 100100000}
  m_GameObject: {fileID: 1351614346410386}
  m_LocalRotation: {x: -0.060666867, y: 0.03806515, z: 0.16307174, w: 0.9840113}
  m_LocalPosition: {x: 1.492047e-10, y: 0.0005271739, z: -4.6566128e-12}
  m_LocalScale: {x: 1, y: 0.9999999, z: 0.9999999}
  m_Children:
  - {fileID: 4386797392837952}
  m_Father: {fileID: 4203444083747162}
  m_RootOrder: 0
  m_LocalEulerAnglesHint: {x: 0, y: 0, z: 0}
--- !u!4 &4652057406935776
Transform:
  m_ObjectHideFlags: 1
  m_PrefabParentObject: {fileID: 0}
  m_PrefabInternal: {fileID: 100100000}
  m_GameObject: {fileID: 1115284053183474}
  m_LocalRotation: {x: -0.7071068, y: 0, z: -0, w: 0.7071067}
  m_LocalPosition: {x: -0, y: 0, z: 0}
  m_LocalScale: {x: 100, y: 100, z: 100}
  m_Children: []
  m_Father: {fileID: 4655798880477440}
  m_RootOrder: 8
  m_LocalEulerAnglesHint: {x: 0, y: 0, z: 0}
--- !u!4 &4655798880477440
Transform:
  m_ObjectHideFlags: 1
  m_PrefabParentObject: {fileID: 0}
  m_PrefabInternal: {fileID: 100100000}
  m_GameObject: {fileID: 1200067271433848}
  m_LocalRotation: {x: -0.7071068, y: 0, z: -0, w: 0.7071067}
  m_LocalPosition: {x: -0, y: 0, z: 0}
  m_LocalScale: {x: 100, y: 100, z: 100}
  m_Children:
  - {fileID: 4612138149684770}
  - {fileID: 4664942476588292}
  - {fileID: 4631292913989662}
  - {fileID: 4660642352690114}
  - {fileID: 4642453764448716}
  - {fileID: 4946501824053840}
  - {fileID: 4009856143182286}
  - {fileID: 4434021143935730}
  - {fileID: 4652057406935776}
  - {fileID: 4108212138595806}
  - {fileID: 4906578069556770}
  m_Father: {fileID: 4986063724724464}
  m_RootOrder: 1
  m_LocalEulerAnglesHint: {x: 0, y: 0, z: 0}
--- !u!4 &4660642352690114
Transform:
  m_ObjectHideFlags: 1
  m_PrefabParentObject: {fileID: 0}
  m_PrefabInternal: {fileID: 100100000}
  m_GameObject: {fileID: 1219274924204730}
  m_LocalRotation: {x: -0.7071068, y: 0, z: -0, w: 0.7071067}
  m_LocalPosition: {x: -0, y: 0, z: 0}
  m_LocalScale: {x: 100, y: 100, z: 100}
  m_Children: []
  m_Father: {fileID: 4655798880477440}
  m_RootOrder: 3
  m_LocalEulerAnglesHint: {x: 0, y: 0, z: 0}
--- !u!4 &4663348502470294
Transform:
  m_ObjectHideFlags: 1
  m_PrefabParentObject: {fileID: 0}
  m_PrefabInternal: {fileID: 100100000}
  m_GameObject: {fileID: 1088964914533772}
  m_LocalRotation: {x: -0.026148207, y: 0.039605808, z: 0.13687856, w: 0.98945034}
  m_LocalPosition: {x: -3.5585837e-10, y: 0.00054583506, z: 4.8894433e-10}
  m_LocalScale: {x: 1, y: 1.0000001, z: 1}
  m_Children:
  - {fileID: 4030337290271520}
  m_Father: {fileID: 4891706398959826}
  m_RootOrder: 0
  m_LocalEulerAnglesHint: {x: 0, y: 0, z: 0}
--- !u!4 &4664942476588292
Transform:
  m_ObjectHideFlags: 1
  m_PrefabParentObject: {fileID: 0}
  m_PrefabInternal: {fileID: 100100000}
  m_GameObject: {fileID: 1908758689608474}
  m_LocalRotation: {x: -0.7071068, y: 0, z: -0, w: 0.7071067}
  m_LocalPosition: {x: -0, y: 0, z: 0}
  m_LocalScale: {x: 100, y: 100, z: 100}
  m_Children: []
  m_Father: {fileID: 4655798880477440}
  m_RootOrder: 1
  m_LocalEulerAnglesHint: {x: 0, y: 0, z: 0}
--- !u!4 &4666352062350610
Transform:
  m_ObjectHideFlags: 1
  m_PrefabParentObject: {fileID: 0}
  m_PrefabInternal: {fileID: 100100000}
  m_GameObject: {fileID: 1581116589766616}
  m_LocalRotation: {x: -0.7071068, y: 0, z: -0, w: 0.7071067}
  m_LocalPosition: {x: -0, y: 0, z: 0}
  m_LocalScale: {x: 100, y: 100, z: 100}
  m_Children: []
  m_Father: {fileID: 4986063724724464}
  m_RootOrder: 2
  m_LocalEulerAnglesHint: {x: 0, y: 0, z: 0}
--- !u!4 &4673236808242252
Transform:
  m_ObjectHideFlags: 1
  m_PrefabParentObject: {fileID: 0}
  m_PrefabInternal: {fileID: 100100000}
  m_GameObject: {fileID: 1288309605512280}
  m_LocalRotation: {x: -0.07783095, y: 0.99695426, z: -0.0049351756, w: 0.00038675204}
  m_LocalPosition: {x: 0.0013926056, y: 0.000016857748, z: 0.00036581498}
  m_LocalScale: {x: 1, y: 1.0000004, z: 1}
  m_Children:
  - {fileID: 4355944200526162}
  m_Father: {fileID: 4503461194323652}
  m_RootOrder: 4
  m_LocalEulerAnglesHint: {x: 0, y: 0, z: 0}
--- !u!4 &4700613222293570
Transform:
  m_ObjectHideFlags: 1
  m_PrefabParentObject: {fileID: 0}
  m_PrefabInternal: {fileID: 100100000}
  m_GameObject: {fileID: 1709723032947172}
  m_LocalRotation: {x: 0.32690176, y: 0.00000002177056, z: 0.000000033444227, w: 0.94505835}
  m_LocalPosition: {x: -2.2204459e-17, y: 0.00081022014, z: -1.8626451e-11}
  m_LocalScale: {x: 1, y: 0.9999999, z: 0.9999999}
  m_Children:
  - {fileID: 4425854116118862}
  m_Father: {fileID: 4525892145941652}
  m_RootOrder: 0
  m_LocalEulerAnglesHint: {x: 0, y: 0, z: 0}
--- !u!4 &4744958760591542
Transform:
  m_ObjectHideFlags: 1
  m_PrefabParentObject: {fileID: 0}
  m_PrefabInternal: {fileID: 100100000}
  m_GameObject: {fileID: 1583180073449282}
  m_LocalRotation: {x: 0, y: -0, z: -0, w: 1}
  m_LocalPosition: {x: -0, y: 0.001740027, z: 0}
  m_LocalScale: {x: 1, y: 1, z: 1}
  m_Children: []
  m_Father: {fileID: 4845612018790780}
  m_RootOrder: 0
  m_LocalEulerAnglesHint: {x: 0, y: 0, z: 0}
--- !u!4 &4745116308584252
Transform:
  m_ObjectHideFlags: 1
  m_PrefabParentObject: {fileID: 0}
  m_PrefabInternal: {fileID: 100100000}
  m_GameObject: {fileID: 1901819047928638}
  m_LocalRotation: {x: 0.077830926, y: 0.99695426, z: -0.0049351756, w: -0.00038675196}
  m_LocalPosition: {x: -0.0013926056, y: 0.000016857748, z: 0.00036581498}
  m_LocalScale: {x: 1, y: 1.0000004, z: 1}
  m_Children:
  - {fileID: 4460710287839228}
  m_Father: {fileID: 4503461194323652}
  m_RootOrder: 3
  m_LocalEulerAnglesHint: {x: 0, y: 0, z: 0}
--- !u!4 &4773663474962766
Transform:
  m_ObjectHideFlags: 1
  m_PrefabParentObject: {fileID: 0}
  m_PrefabInternal: {fileID: 100100000}
  m_GameObject: {fileID: 1182981284480390}
  m_LocalRotation: {x: 0.08334447, y: 0.0004272447, z: 0.0068212063, w: 0.9964974}
  m_LocalPosition: {x: -3.4924602e-12, y: 0.001788195, z: -1.11758706e-10}
  m_LocalScale: {x: 1.0000001, y: 1, z: 1}
  m_Children:
  - {fileID: 4780687223703696}
  - {fileID: 4542556733970804}
  - {fileID: 4525892145941652}
  m_Father: {fileID: 4826707635932838}
  m_RootOrder: 0
  m_LocalEulerAnglesHint: {x: 0, y: 0, z: 0}
--- !u!4 &4780687223703696
Transform:
  m_ObjectHideFlags: 1
  m_PrefabParentObject: {fileID: 0}
  m_PrefabInternal: {fileID: 100100000}
  m_GameObject: {fileID: 1297158510157904}
  m_LocalRotation: {x: -0.013917629, y: -0.081233695, z: 0.9811842, w: 0.17459954}
  m_LocalPosition: {x: -0.0016215509, y: 0.002735874, z: 0.00015855969}
  m_LocalScale: {x: 1.0000006, y: 1.0000001, z: 1.0000001}
  m_Children:
  - {fileID: 4869158737438014}
  m_Father: {fileID: 4773663474962766}
  m_RootOrder: 0
  m_LocalEulerAnglesHint: {x: 0, y: 0, z: 0}
--- !u!4 &4787998141745556
Transform:
  m_ObjectHideFlags: 1
  m_PrefabParentObject: {fileID: 0}
  m_PrefabInternal: {fileID: 100100000}
  m_GameObject: {fileID: 1626769095239384}
  m_LocalRotation: {x: 0.116570234, y: -0.0000017502753, z: -0.00000025000415, w: 0.9931825}
  m_LocalPosition: {x: -1.5656042e-10, y: 0.0012195463, z: -9.3132255e-12}
  m_LocalScale: {x: 1.0000001, y: 1, z: 1}
  m_Children:
  - {fileID: 4582554714944616}
  m_Father: {fileID: 4812050712523676}
  m_RootOrder: 0
  m_LocalEulerAnglesHint: {x: 0, y: 0, z: 0}
--- !u!4 &4811374081936308
Transform:
  m_ObjectHideFlags: 1
  m_PrefabParentObject: {fileID: 0}
  m_PrefabInternal: {fileID: 100100000}
  m_GameObject: {fileID: 1572163916867480}
  m_LocalRotation: {x: 0, y: -0, z: -0, w: 1}
  m_LocalPosition: {x: -0, y: 0.00041838337, z: 0}
  m_LocalScale: {x: 1, y: 1, z: 1}
  m_Children: []
  m_Father: {fileID: 4908189547392816}
  m_RootOrder: 0
  m_LocalEulerAnglesHint: {x: 0, y: 0, z: 0}
--- !u!4 &4812050712523676
Transform:
  m_ObjectHideFlags: 1
  m_PrefabParentObject: {fileID: 0}
  m_PrefabInternal: {fileID: 100100000}
  m_GameObject: {fileID: 1709052742612650}
  m_LocalRotation: {x: 0.6783241, y: -0.08729334, z: 0.03962682, w: 0.72848207}
  m_LocalPosition: {x: -1.6014383e-10, y: 0.004974212, z: 3.8417054e-11}
  m_LocalScale: {x: 0.9999992, y: 0.9999956, z: 1.000008}
  m_Children:
  - {fileID: 4787998141745556}
  m_Father: {fileID: 4408929125634974}
  m_RootOrder: 0
  m_LocalEulerAnglesHint: {x: 0, y: 0, z: 0}
--- !u!4 &4826707635932838
Transform:
  m_ObjectHideFlags: 1
  m_PrefabParentObject: {fileID: 0}
  m_PrefabInternal: {fileID: 100100000}
  m_GameObject: {fileID: 1868631239412886}
  m_LocalRotation: {x: -0.13706541, y: -0.003270868, z: 0.0066249184, w: 0.9905345}
  m_LocalPosition: {x: -1.7898856e-11, y: 0.0012477114, z: -3.7252902e-11}
  m_LocalScale: {x: 0.9999998, y: 1, z: 1}
  m_Children:
  - {fileID: 4773663474962766}
  m_Father: {fileID: 4340827545320394}
  m_RootOrder: 2
  m_LocalEulerAnglesHint: {x: 0, y: 0, z: 0}
--- !u!4 &4841738812236924
Transform:
  m_ObjectHideFlags: 1
  m_PrefabParentObject: {fileID: 0}
  m_PrefabInternal: {fileID: 100100000}
  m_GameObject: {fileID: 1316985993615174}
  m_LocalRotation: {x: 0, y: -0, z: -0, w: 1}
  m_LocalPosition: {x: -0, y: 0.00048613476, z: 0}
  m_LocalScale: {x: 1, y: 1, z: 1}
  m_Children: []
  m_Father: {fileID: 4881120322766264}
  m_RootOrder: 0
  m_LocalEulerAnglesHint: {x: 0, y: 0, z: 0}
--- !u!4 &4845612018790780
Transform:
  m_ObjectHideFlags: 1
  m_PrefabParentObject: {fileID: 0}
  m_PrefabInternal: {fileID: 100100000}
  m_GameObject: {fileID: 1608436397150196}
  m_LocalRotation: {x: 0.7071068, y: 0, z: 0, w: 0.7071067}
  m_LocalPosition: {x: -0.0012982644, y: -0.004748515, z: 0.005220198}
  m_LocalScale: {x: 1, y: 1, z: 1}
  m_Children:
  - {fileID: 4744958760591542}
  m_Father: {fileID: 4503461194323652}
  m_RootOrder: 1
  m_LocalEulerAnglesHint: {x: 0, y: 0, z: 0}
--- !u!4 &4848513837611582
Transform:
  m_ObjectHideFlags: 1
  m_PrefabParentObject: {fileID: 0}
  m_PrefabInternal: {fileID: 100100000}
  m_GameObject: {fileID: 1761296760432008}
  m_LocalRotation: {x: -0.022367068, y: -0.69982845, z: 0.10119926, w: 0.7067521}
  m_LocalPosition: {x: -3.845926e-10, y: 0.0031541428, z: -1.5832484e-10}
  m_LocalScale: {x: 0.99999994, y: 0.99999994, z: 0.9999999}
  m_Children:
  - {fileID: 4395247867063726}
  - {fileID: 4910414598056462}
  - {fileID: 4554898107078562}
  - {fileID: 4904309344706084}
  - {fileID: 4606291640753378}
  - {fileID: 4622005568900518}
  m_Father: {fileID: 4192452082570422}
  m_RootOrder: 0
  m_LocalEulerAnglesHint: {x: 0, y: 0, z: 0}
--- !u!4 &4854881444368626
Transform:
  m_ObjectHideFlags: 1
  m_PrefabParentObject: {fileID: 0}
  m_PrefabInternal: {fileID: 100100000}
  m_GameObject: {fileID: 1000539737729508}
  m_LocalRotation: {x: 0, y: -0, z: -0, w: 1}
  m_LocalPosition: {x: -0, y: 0.0005635044, z: 0}
  m_LocalScale: {x: 1, y: 1, z: 1}
  m_Children: []
  m_Father: {fileID: 4038710228926952}
  m_RootOrder: 0
  m_LocalEulerAnglesHint: {x: 0, y: 0, z: 0}
--- !u!4 &4857735524207932
Transform:
  m_ObjectHideFlags: 1
  m_PrefabParentObject: {fileID: 0}
  m_PrefabInternal: {fileID: 100100000}
  m_GameObject: {fileID: 1072739323421348}
  m_LocalRotation: {x: -0.05217332, y: -0.692228, z: 0.14430694, w: 0.70517653}
  m_LocalPosition: {x: 0.00022218337, y: 0.0003044476, z: -0.0000503695}
  m_LocalScale: {x: 1, y: 0.9999998, z: 0.99999994}
  m_Children:
  - {fileID: 4115854497707680}
  m_Father: {fileID: 4909942155365130}
  m_RootOrder: 2
  m_LocalEulerAnglesHint: {x: 0, y: 0, z: 0}
--- !u!4 &4869158737438014
Transform:
  m_ObjectHideFlags: 1
  m_PrefabParentObject: {fileID: 0}
  m_PrefabInternal: {fileID: 100100000}
  m_GameObject: {fileID: 1290495200774570}
  m_LocalRotation: {x: 0.16686171, y: 0.0007341698, z: 0.1129995, w: 0.9794834}
  m_LocalPosition: {x: -2.8891042e-10, y: 0.0035993776, z: 1.7695129e-10}
  m_LocalScale: {x: 1, y: 0.99999994, z: 1}
  m_Children:
  - {fileID: 4909942155365130}
  m_Father: {fileID: 4780687223703696}
  m_RootOrder: 0
  m_LocalEulerAnglesHint: {x: 0, y: 0, z: 0}
--- !u!4 &4881120322766264
Transform:
  m_ObjectHideFlags: 1
  m_PrefabParentObject: {fileID: 0}
  m_PrefabInternal: {fileID: 100100000}
  m_GameObject: {fileID: 1391194334507466}
  m_LocalRotation: {x: -0.05625944, y: -0.015980257, z: -0.21544275, w: 0.9747636}
  m_LocalPosition: {x: 8.7327104e-11, y: 0.00049334415, z: 8.2654876e-11}
  m_LocalScale: {x: 0.99999994, y: 1, z: 1}
  m_Children:
  - {fileID: 4841738812236924}
  m_Father: {fileID: 4554898107078562}
  m_RootOrder: 0
  m_LocalEulerAnglesHint: {x: 0, y: 0, z: 0}
--- !u!4 &4891706398959826
Transform:
  m_ObjectHideFlags: 1
  m_PrefabParentObject: {fileID: 0}
  m_PrefabInternal: {fileID: 100100000}
  m_GameObject: {fileID: 1789019461547200}
  m_LocalRotation: {x: -0.0006563859, y: -0.673617, z: 0.21503557, w: 0.70710635}
  m_LocalPosition: {x: -0.000016435615, y: 0.00027471205, z: -0.000039446055}
  m_LocalScale: {x: 0.99999994, y: 1, z: 1}
  m_Children:
  - {fileID: 4663348502470294}
  m_Father: {fileID: 4909942155365130}
  m_RootOrder: 1
  m_LocalEulerAnglesHint: {x: 0, y: 0, z: 0}
--- !u!4 &4904309344706084
Transform:
  m_ObjectHideFlags: 1
  m_PrefabParentObject: {fileID: 0}
  m_PrefabInternal: {fileID: 100100000}
  m_GameObject: {fileID: 1049229027408020}
  m_LocalRotation: {x: -0.00007255431, y: 0.67738014, z: -0.20287117, w: 0.7071065}
  m_LocalPosition: {x: -0.00013464897, y: 0.00029350838, z: -0.00004635051}
  m_LocalScale: {x: 0.99999994, y: 1, z: 1}
  m_Children:
  - {fileID: 4351957939901806}
  m_Father: {fileID: 4848513837611582}
  m_RootOrder: 3
  m_LocalEulerAnglesHint: {x: 0, y: 0, z: 0}
--- !u!4 &4906578069556770
Transform:
  m_ObjectHideFlags: 1
  m_PrefabParentObject: {fileID: 0}
  m_PrefabInternal: {fileID: 100100000}
  m_GameObject: {fileID: 1292419674404942}
  m_LocalRotation: {x: -0.7071068, y: 0, z: -0, w: 0.7071067}
  m_LocalPosition: {x: -0, y: 0, z: 0}
  m_LocalScale: {x: 100, y: 100, z: 100}
  m_Children: []
  m_Father: {fileID: 4655798880477440}
  m_RootOrder: 10
  m_LocalEulerAnglesHint: {x: 0, y: 0, z: 0}
--- !u!4 &4908189547392816
Transform:
  m_ObjectHideFlags: 1
  m_PrefabParentObject: {fileID: 0}
  m_PrefabInternal: {fileID: 100100000}
  m_GameObject: {fileID: 1904080939521744}
  m_LocalRotation: {x: -0.11284712, y: -0.0144057255, z: -0.019582937, w: 0.9933149}
  m_LocalPosition: {x: -3.1780814e-10, y: 0.00028908663, z: -2.6077032e-10}
  m_LocalScale: {x: 0.9999999, y: 1, z: 0.9999999}
  m_Children:
  - {fileID: 4811374081936308}
  m_Father: {fileID: 4210033527573120}
  m_RootOrder: 0
  m_LocalEulerAnglesHint: {x: 0, y: 0, z: 0}
--- !u!4 &4909942155365130
Transform:
  m_ObjectHideFlags: 1
  m_PrefabParentObject: {fileID: 0}
  m_PrefabInternal: {fileID: 100100000}
  m_GameObject: {fileID: 1565780374440564}
  m_LocalRotation: {x: -0.022367114, y: 0.69982845, z: -0.10119931, w: 0.7067521}
  m_LocalPosition: {x: -2.1222288e-10, y: 0.003154144, z: -1.2572854e-10}
  m_LocalScale: {x: 0.9999999, y: 1, z: 0.99999994}
  m_Children:
  - {fileID: 4980295799850040}
  - {fileID: 4891706398959826}
  - {fileID: 4857735524207932}
  - {fileID: 4203444083747162}
  - {fileID: 4210033527573120}
  m_Father: {fileID: 4869158737438014}
  m_RootOrder: 0
  m_LocalEulerAnglesHint: {x: 0, y: 0, z: 0}
--- !u!4 &4910414598056462
Transform:
  m_ObjectHideFlags: 1
  m_PrefabParentObject: {fileID: 0}
  m_PrefabInternal: {fileID: 100100000}
  m_GameObject: {fileID: 1148247103854806}
  m_LocalRotation: {x: -0.0006564038, y: 0.6736171, z: -0.21503559, w: 0.70710623}
  m_LocalPosition: {x: 0.000016435626, y: 0.00027471094, z: -0.000039445607}
  m_LocalScale: {x: 0.99999994, y: 1, z: 1.0000001}
  m_Children:
  - {fileID: 4928917709871142}
  m_Father: {fileID: 4848513837611582}
  m_RootOrder: 1
  m_LocalEulerAnglesHint: {x: 0, y: 0, z: 0}
--- !u!4 &4918324188387376
Transform:
  m_ObjectHideFlags: 1
  m_PrefabParentObject: {fileID: 0}
  m_PrefabInternal: {fileID: 100100000}
  m_GameObject: {fileID: 1103832372656866}
  m_LocalRotation: {x: 0, y: -0, z: -0, w: 1}
  m_LocalPosition: {x: -0, y: 0.0006092831, z: 0}
  m_LocalScale: {x: 1, y: 1, z: 1}
  m_Children: []
  m_Father: {fileID: 4257045408507310}
  m_RootOrder: 0
  m_LocalEulerAnglesHint: {x: 0, y: 0, z: 0}
--- !u!4 &4928917709871142
Transform:
  m_ObjectHideFlags: 1
  m_PrefabParentObject: {fileID: 0}
  m_PrefabInternal: {fileID: 100100000}
  m_GameObject: {fileID: 1154282059543876}
  m_LocalRotation: {x: -0.026148194, y: -0.039605957, z: -0.13687867, w: 0.98945034}
  m_LocalPosition: {x: 2.0395323e-10, y: 0.0005458346, z: 7.4505804e-11}
  m_LocalScale: {x: 1, y: 1.0000002, z: 1}
  m_Children:
  - {fileID: 4509820934280050}
  m_Father: {fileID: 4910414598056462}
  m_RootOrder: 0
  m_LocalEulerAnglesHint: {x: 0, y: 0, z: 0}
--- !u!4 &4946501824053840
Transform:
  m_ObjectHideFlags: 1
  m_PrefabParentObject: {fileID: 0}
  m_PrefabInternal: {fileID: 100100000}
  m_GameObject: {fileID: 1812137813317086}
  m_LocalRotation: {x: -0.7071068, y: 0, z: -0, w: 0.7071067}
  m_LocalPosition: {x: -0, y: 0, z: 0}
  m_LocalScale: {x: 100, y: 100, z: 100}
  m_Children: []
  m_Father: {fileID: 4655798880477440}
  m_RootOrder: 5
  m_LocalEulerAnglesHint: {x: 0, y: 0, z: 0}
--- !u!4 &4980295799850040
Transform:
  m_ObjectHideFlags: 1
  m_PrefabParentObject: {fileID: 0}
  m_PrefabInternal: {fileID: 100100000}
  m_GameObject: {fileID: 1277856370440486}
  m_LocalRotation: {x: 0.008170304, y: -0.6687375, z: 0.2297609, w: 0.7070597}
  m_LocalPosition: {x: -0.0001368561, y: 0.0002599413, z: -0.000034020246}
  m_LocalScale: {x: 0.99999994, y: 0.99999976, z: 0.9999998}
  m_Children:
  - {fileID: 4038710228926952}
  m_Father: {fileID: 4909942155365130}
  m_RootOrder: 0
  m_LocalEulerAnglesHint: {x: 0, y: 0, z: 0}
--- !u!4 &4986063724724464
Transform:
  m_ObjectHideFlags: 1
  m_PrefabParentObject: {fileID: 0}
  m_PrefabInternal: {fileID: 100100000}
  m_GameObject: {fileID: 1317091538668536}
  m_LocalRotation: {x: 0, y: -0.7071068, z: 0, w: 0.7071068}
  m_LocalPosition: {x: 12.557, y: -0.997, z: -9.529}
  m_LocalScale: {x: 1, y: 1, z: 1}
  m_Children:
  - {fileID: 4503461194323652}
  - {fileID: 4655798880477440}
  - {fileID: 4666352062350610}
  m_Father: {fileID: 0}
  m_RootOrder: 0
  m_LocalEulerAnglesHint: {x: 0, y: -90, z: 0}
--- !u!95 &95797100194707284
Animator:
  serializedVersion: 3
  m_ObjectHideFlags: 1
  m_PrefabParentObject: {fileID: 0}
  m_PrefabInternal: {fileID: 100100000}
  m_GameObject: {fileID: 1317091538668536}
  m_Enabled: 1
  m_Avatar: {fileID: 9000000, guid: df30b42a81043bd4d97d6ef21e3bdf67, type: 3}
  m_Controller: {fileID: 9100000, guid: eb091c6afc3b44c58aef99974b20ff4a, type: 2}
  m_CullingMode: 1
  m_UpdateMode: 0
  m_ApplyRootMotion: 1
  m_LinearVelocityBlending: 0
  m_WarningMessage: 
  m_HasTransformHierarchy: 1
  m_AllowConstantClipSamplingOptimization: 1
--- !u!137 &137188107943556186
SkinnedMeshRenderer:
  m_ObjectHideFlags: 1
  m_PrefabParentObject: {fileID: 0}
  m_PrefabInternal: {fileID: 100100000}
  m_GameObject: {fileID: 1034713554813634}
  m_Enabled: 1
  m_CastShadows: 1
  m_ReceiveShadows: 1
  m_DynamicOccludee: 1
  m_MotionVectors: 1
  m_LightProbeUsage: 1
  m_ReflectionProbeUsage: 1
  m_Materials:
  - {fileID: 2100000, guid: df30b42a81043bd4d97d6ef21e3bdf67, type: 3}
  m_StaticBatchInfo:
    firstSubMesh: 0
    subMeshCount: 0
  m_StaticBatchRoot: {fileID: 0}
  m_ProbeAnchor: {fileID: 0}
  m_LightProbeVolumeOverride: {fileID: 0}
  m_ScaleInLightmap: 1
  m_PreserveUVs: 0
  m_IgnoreNormalsForChartDetection: 0
  m_ImportantGI: 0
  m_StitchLightmapSeams: 0
  m_SelectedEditorRenderState: 3
  m_MinimumChartSize: 4
  m_AutoUVMaxDistance: 0.5
  m_AutoUVMaxAngle: 89
  m_LightmapParameters: {fileID: 0}
  m_SortingLayerID: 0
  m_SortingLayer: 0
  m_SortingOrder: 0
  serializedVersion: 2
  m_Quality: 0
  m_UpdateWhenOffscreen: 0
  m_SkinnedMotionVectors: 1
  m_Mesh: {fileID: 4300012, guid: df30b42a81043bd4d97d6ef21e3bdf67, type: 3}
  m_Bones:
  - {fileID: 4340827545320394}
  - {fileID: 4826707635932838}
  - {fileID: 4773663474962766}
  - {fileID: 4525892145941652}
  - {fileID: 4700613222293570}
  - {fileID: 4780687223703696}
  - {fileID: 4869158737438014}
  - {fileID: 4909942155365130}
  - {fileID: 4210033527573120}
  - {fileID: 4908189547392816}
  - {fileID: 4980295799850040}
  - {fileID: 4038710228926952}
  - {fileID: 4891706398959826}
  - {fileID: 4663348502470294}
  - {fileID: 4203444083747162}
  - {fileID: 4645054996481130}
  - {fileID: 4857735524207932}
  - {fileID: 4115854497707680}
  - {fileID: 4542556733970804}
  - {fileID: 4192452082570422}
  - {fileID: 4848513837611582}
  - {fileID: 4606291640753378}
  - {fileID: 4622005568900518}
  - {fileID: 4395247867063726}
  - {fileID: 4251357032619166}
  - {fileID: 4910414598056462}
  - {fileID: 4928917709871142}
  - {fileID: 4904309344706084}
  - {fileID: 4351957939901806}
  - {fileID: 4554898107078562}
  - {fileID: 4881120322766264}
  - {fileID: 4313452523228518}
  - {fileID: 4372141685164012}
  - {fileID: 4327711225790496}
  - {fileID: 4257045408507310}
  - {fileID: 4518879788786636}
  - {fileID: 4408929125634974}
  - {fileID: 4812050712523676}
  - {fileID: 4787998141745556}
  - {fileID: 4745116308584252}
  - {fileID: 4845612018790780}
  - {fileID: 4673236808242252}
  - {fileID: 4615836467195358}
  m_BlendShapeWeights: []
  m_RootBone: {fileID: 4340827545320394}
  m_AABB:
    m_Center: {x: 0.0015795089, y: -0.0070580607, z: 0.0014534468}
    m_Extent: {x: 0.0007474206, y: 0.002844371, z: 0.0012602768}
  m_DirtyAABB: 0
--- !u!137 &137236338836371108
SkinnedMeshRenderer:
  m_ObjectHideFlags: 1
  m_PrefabParentObject: {fileID: 0}
  m_PrefabInternal: {fileID: 100100000}
  m_GameObject: {fileID: 1627157669037376}
  m_Enabled: 1
  m_CastShadows: 1
  m_ReceiveShadows: 1
  m_DynamicOccludee: 1
  m_MotionVectors: 1
  m_LightProbeUsage: 1
  m_ReflectionProbeUsage: 1
  m_Materials:
  - {fileID: 2100000, guid: df30b42a81043bd4d97d6ef21e3bdf67, type: 3}
  m_StaticBatchInfo:
    firstSubMesh: 0
    subMeshCount: 0
  m_StaticBatchRoot: {fileID: 0}
  m_ProbeAnchor: {fileID: 0}
  m_LightProbeVolumeOverride: {fileID: 0}
  m_ScaleInLightmap: 1
  m_PreserveUVs: 0
  m_IgnoreNormalsForChartDetection: 0
  m_ImportantGI: 0
  m_StitchLightmapSeams: 0
  m_SelectedEditorRenderState: 3
  m_MinimumChartSize: 4
  m_AutoUVMaxDistance: 0.5
  m_AutoUVMaxAngle: 89
  m_LightmapParameters: {fileID: 0}
  m_SortingLayerID: 0
  m_SortingLayer: 0
  m_SortingOrder: 0
  serializedVersion: 2
  m_Quality: 0
  m_UpdateWhenOffscreen: 0
  m_SkinnedMotionVectors: 1
  m_Mesh: {fileID: 4300016, guid: df30b42a81043bd4d97d6ef21e3bdf67, type: 3}
  m_Bones:
  - {fileID: 4340827545320394}
  - {fileID: 4826707635932838}
  - {fileID: 4773663474962766}
  - {fileID: 4525892145941652}
  - {fileID: 4700613222293570}
  - {fileID: 4780687223703696}
  - {fileID: 4869158737438014}
  - {fileID: 4909942155365130}
  - {fileID: 4210033527573120}
  - {fileID: 4908189547392816}
  - {fileID: 4980295799850040}
  - {fileID: 4038710228926952}
  - {fileID: 4891706398959826}
  - {fileID: 4663348502470294}
  - {fileID: 4203444083747162}
  - {fileID: 4645054996481130}
  - {fileID: 4857735524207932}
  - {fileID: 4115854497707680}
  - {fileID: 4542556733970804}
  - {fileID: 4192452082570422}
  - {fileID: 4848513837611582}
  - {fileID: 4606291640753378}
  - {fileID: 4622005568900518}
  - {fileID: 4395247867063726}
  - {fileID: 4251357032619166}
  - {fileID: 4910414598056462}
  - {fileID: 4928917709871142}
  - {fileID: 4904309344706084}
  - {fileID: 4351957939901806}
  - {fileID: 4554898107078562}
  - {fileID: 4881120322766264}
  - {fileID: 4313452523228518}
  - {fileID: 4372141685164012}
  - {fileID: 4327711225790496}
  - {fileID: 4257045408507310}
  - {fileID: 4518879788786636}
  - {fileID: 4408929125634974}
  - {fileID: 4812050712523676}
  - {fileID: 4787998141745556}
  - {fileID: 4745116308584252}
  - {fileID: 4845612018790780}
  - {fileID: 4673236808242252}
  - {fileID: 4615836467195358}
  m_BlendShapeWeights: []
  m_RootBone: {fileID: 4340827545320394}
  m_AABB:
    m_Center: {x: 0.001481216, y: -0.0020303982, z: 0.00068888674}
    m_Extent: {x: 0.00075120095, y: 0.0024479819, z: 0.00089528295}
  m_DirtyAABB: 0
--- !u!137 &137345469765615194
SkinnedMeshRenderer:
  m_ObjectHideFlags: 1
  m_PrefabParentObject: {fileID: 0}
  m_PrefabInternal: {fileID: 100100000}
  m_GameObject: {fileID: 1219274924204730}
  m_Enabled: 1
  m_CastShadows: 1
  m_ReceiveShadows: 1
  m_DynamicOccludee: 1
  m_MotionVectors: 1
  m_LightProbeUsage: 1
  m_ReflectionProbeUsage: 1
  m_Materials:
  - {fileID: 2100000, guid: df30b42a81043bd4d97d6ef21e3bdf67, type: 3}
  m_StaticBatchInfo:
    firstSubMesh: 0
    subMeshCount: 0
  m_StaticBatchRoot: {fileID: 0}
  m_ProbeAnchor: {fileID: 0}
  m_LightProbeVolumeOverride: {fileID: 0}
  m_ScaleInLightmap: 1
  m_PreserveUVs: 0
  m_IgnoreNormalsForChartDetection: 0
  m_ImportantGI: 0
  m_StitchLightmapSeams: 0
  m_SelectedEditorRenderState: 3
  m_MinimumChartSize: 4
  m_AutoUVMaxDistance: 0.5
  m_AutoUVMaxAngle: 89
  m_LightmapParameters: {fileID: 0}
  m_SortingLayerID: 0
  m_SortingLayer: 0
  m_SortingOrder: 0
  serializedVersion: 2
  m_Quality: 0
  m_UpdateWhenOffscreen: 0
  m_SkinnedMotionVectors: 1
  m_Mesh: {fileID: 4300014, guid: df30b42a81043bd4d97d6ef21e3bdf67, type: 3}
  m_Bones:
  - {fileID: 4340827545320394}
  - {fileID: 4826707635932838}
  - {fileID: 4773663474962766}
  - {fileID: 4525892145941652}
  - {fileID: 4700613222293570}
  - {fileID: 4780687223703696}
  - {fileID: 4869158737438014}
  - {fileID: 4909942155365130}
  - {fileID: 4210033527573120}
  - {fileID: 4908189547392816}
  - {fileID: 4980295799850040}
  - {fileID: 4038710228926952}
  - {fileID: 4891706398959826}
  - {fileID: 4663348502470294}
  - {fileID: 4203444083747162}
  - {fileID: 4645054996481130}
  - {fileID: 4857735524207932}
  - {fileID: 4115854497707680}
  - {fileID: 4542556733970804}
  - {fileID: 4192452082570422}
  - {fileID: 4848513837611582}
  - {fileID: 4606291640753378}
  - {fileID: 4622005568900518}
  - {fileID: 4395247867063726}
  - {fileID: 4251357032619166}
  - {fileID: 4910414598056462}
  - {fileID: 4928917709871142}
  - {fileID: 4904309344706084}
  - {fileID: 4351957939901806}
  - {fileID: 4554898107078562}
  - {fileID: 4881120322766264}
  - {fileID: 4313452523228518}
  - {fileID: 4372141685164012}
  - {fileID: 4327711225790496}
  - {fileID: 4257045408507310}
  - {fileID: 4518879788786636}
  - {fileID: 4408929125634974}
  - {fileID: 4812050712523676}
  - {fileID: 4787998141745556}
  - {fileID: 4745116308584252}
  - {fileID: 4845612018790780}
  - {fileID: 4673236808242252}
  - {fileID: 4615836467195358}
  m_BlendShapeWeights: []
  m_RootBone: {fileID: 4340827545320394}
  m_AABB:
    m_Center: {x: -0.0012138176, y: -0.0071419743, z: 0.001447754}
    m_Extent: {x: 0.0006540166, y: 0.0028500347, z: 0.0012611933}
  m_DirtyAABB: 0
--- !u!137 &137411988363618836
SkinnedMeshRenderer:
  m_ObjectHideFlags: 1
  m_PrefabParentObject: {fileID: 0}
  m_PrefabInternal: {fileID: 100100000}
  m_GameObject: {fileID: 1289508430330560}
  m_Enabled: 1
  m_CastShadows: 1
  m_ReceiveShadows: 1
  m_DynamicOccludee: 1
  m_MotionVectors: 1
  m_LightProbeUsage: 1
  m_ReflectionProbeUsage: 1
  m_Materials:
  - {fileID: 2100000, guid: df30b42a81043bd4d97d6ef21e3bdf67, type: 3}
  m_StaticBatchInfo:
    firstSubMesh: 0
    subMeshCount: 0
  m_StaticBatchRoot: {fileID: 0}
  m_ProbeAnchor: {fileID: 0}
  m_LightProbeVolumeOverride: {fileID: 0}
  m_ScaleInLightmap: 1
  m_PreserveUVs: 0
  m_IgnoreNormalsForChartDetection: 0
  m_ImportantGI: 0
  m_StitchLightmapSeams: 0
  m_SelectedEditorRenderState: 3
  m_MinimumChartSize: 4
  m_AutoUVMaxDistance: 0.5
  m_AutoUVMaxAngle: 89
  m_LightmapParameters: {fileID: 0}
  m_SortingLayerID: 0
  m_SortingLayer: 0
  m_SortingOrder: 0
  serializedVersion: 2
  m_Quality: 0
  m_UpdateWhenOffscreen: 0
  m_SkinnedMotionVectors: 1
  m_Mesh: {fileID: 4300008, guid: df30b42a81043bd4d97d6ef21e3bdf67, type: 3}
  m_Bones:
  - {fileID: 4340827545320394}
  - {fileID: 4826707635932838}
  - {fileID: 4773663474962766}
  - {fileID: 4525892145941652}
  - {fileID: 4700613222293570}
  - {fileID: 4780687223703696}
  - {fileID: 4869158737438014}
  - {fileID: 4909942155365130}
  - {fileID: 4210033527573120}
  - {fileID: 4908189547392816}
  - {fileID: 4980295799850040}
  - {fileID: 4038710228926952}
  - {fileID: 4891706398959826}
  - {fileID: 4663348502470294}
  - {fileID: 4203444083747162}
  - {fileID: 4645054996481130}
  - {fileID: 4857735524207932}
  - {fileID: 4115854497707680}
  - {fileID: 4542556733970804}
  - {fileID: 4192452082570422}
  - {fileID: 4848513837611582}
  - {fileID: 4606291640753378}
  - {fileID: 4622005568900518}
  - {fileID: 4395247867063726}
  - {fileID: 4251357032619166}
  - {fileID: 4910414598056462}
  - {fileID: 4928917709871142}
  - {fileID: 4904309344706084}
  - {fileID: 4351957939901806}
  - {fileID: 4554898107078562}
  - {fileID: 4881120322766264}
  - {fileID: 4313452523228518}
  - {fileID: 4372141685164012}
  - {fileID: 4327711225790496}
  - {fileID: 4257045408507310}
  - {fileID: 4518879788786636}
  - {fileID: 4408929125634974}
  - {fileID: 4812050712523676}
  - {fileID: 4787998141745556}
  - {fileID: 4745116308584252}
  - {fileID: 4845612018790780}
  - {fileID: 4673236808242252}
  - {fileID: 4615836467195358}
  m_BlendShapeWeights: []
  m_RootBone: {fileID: 4340827545320394}
  m_AABB:
    m_Center: {x: -0.0029822164, y: 0.00009335077, z: -0.00025401893}
    m_Extent: {x: 0.00039467344, y: 0.0022712313, z: 0.00096780364}
  m_DirtyAABB: 0
--- !u!137 &137468875692396566
SkinnedMeshRenderer:
  m_ObjectHideFlags: 1
  m_PrefabParentObject: {fileID: 0}
  m_PrefabInternal: {fileID: 100100000}
  m_GameObject: {fileID: 1743915398785106}
  m_Enabled: 1
  m_CastShadows: 1
  m_ReceiveShadows: 1
  m_DynamicOccludee: 1
  m_MotionVectors: 1
  m_LightProbeUsage: 1
  m_ReflectionProbeUsage: 1
  m_Materials:
  - {fileID: 2100000, guid: df30b42a81043bd4d97d6ef21e3bdf67, type: 3}
  m_StaticBatchInfo:
    firstSubMesh: 0
    subMeshCount: 0
  m_StaticBatchRoot: {fileID: 0}
  m_ProbeAnchor: {fileID: 0}
  m_LightProbeVolumeOverride: {fileID: 0}
  m_ScaleInLightmap: 1
  m_PreserveUVs: 0
  m_IgnoreNormalsForChartDetection: 0
  m_ImportantGI: 0
  m_StitchLightmapSeams: 0
  m_SelectedEditorRenderState: 3
  m_MinimumChartSize: 4
  m_AutoUVMaxDistance: 0.5
  m_AutoUVMaxAngle: 89
  m_LightmapParameters: {fileID: 0}
  m_SortingLayerID: 0
  m_SortingLayer: 0
  m_SortingOrder: 0
  serializedVersion: 2
  m_Quality: 0
  m_UpdateWhenOffscreen: 0
  m_SkinnedMotionVectors: 1
  m_Mesh: {fileID: 4300002, guid: df30b42a81043bd4d97d6ef21e3bdf67, type: 3}
  m_Bones:
  - {fileID: 4340827545320394}
  - {fileID: 4826707635932838}
  - {fileID: 4773663474962766}
  - {fileID: 4525892145941652}
  - {fileID: 4700613222293570}
  - {fileID: 4780687223703696}
  - {fileID: 4869158737438014}
  - {fileID: 4909942155365130}
  - {fileID: 4210033527573120}
  - {fileID: 4908189547392816}
  - {fileID: 4980295799850040}
  - {fileID: 4038710228926952}
  - {fileID: 4891706398959826}
  - {fileID: 4663348502470294}
  - {fileID: 4203444083747162}
  - {fileID: 4645054996481130}
  - {fileID: 4857735524207932}
  - {fileID: 4115854497707680}
  - {fileID: 4542556733970804}
  - {fileID: 4192452082570422}
  - {fileID: 4848513837611582}
  - {fileID: 4606291640753378}
  - {fileID: 4622005568900518}
  - {fileID: 4395247867063726}
  - {fileID: 4251357032619166}
  - {fileID: 4910414598056462}
  - {fileID: 4928917709871142}
  - {fileID: 4904309344706084}
  - {fileID: 4351957939901806}
  - {fileID: 4554898107078562}
  - {fileID: 4881120322766264}
  - {fileID: 4313452523228518}
  - {fileID: 4372141685164012}
  - {fileID: 4327711225790496}
  - {fileID: 4257045408507310}
  - {fileID: 4518879788786636}
  - {fileID: 4408929125634974}
  - {fileID: 4812050712523676}
  - {fileID: 4787998141745556}
  - {fileID: 4745116308584252}
  - {fileID: 4845612018790780}
  - {fileID: 4673236808242252}
  - {fileID: 4615836467195358}
  m_BlendShapeWeights: []
  m_RootBone: {fileID: 4340827545320394}
  m_AABB:
    m_Center: {x: 0.0030070867, y: 0.00022964063, z: -0.00024422206}
    m_Extent: {x: 0.00045289914, y: 0.0022702196, z: 0.0009675546}
  m_DirtyAABB: 0
--- !u!137 &137515073806181106
SkinnedMeshRenderer:
  m_ObjectHideFlags: 1
  m_PrefabParentObject: {fileID: 0}
  m_PrefabInternal: {fileID: 100100000}
  m_GameObject: {fileID: 1581116589766616}
  m_Enabled: 1
  m_CastShadows: 1
  m_ReceiveShadows: 1
  m_DynamicOccludee: 1
  m_MotionVectors: 1
  m_LightProbeUsage: 1
  m_ReflectionProbeUsage: 1
  m_Materials:
  - {fileID: 2100000, guid: df30b42a81043bd4d97d6ef21e3bdf67, type: 3}
  - {fileID: 2100006, guid: df30b42a81043bd4d97d6ef21e3bdf67, type: 3}
  - {fileID: 2100002, guid: df30b42a81043bd4d97d6ef21e3bdf67, type: 3}
  - {fileID: 2100004, guid: df30b42a81043bd4d97d6ef21e3bdf67, type: 3}
  m_StaticBatchInfo:
    firstSubMesh: 0
    subMeshCount: 0
  m_StaticBatchRoot: {fileID: 0}
  m_ProbeAnchor: {fileID: 0}
  m_LightProbeVolumeOverride: {fileID: 0}
  m_ScaleInLightmap: 1
  m_PreserveUVs: 0
  m_IgnoreNormalsForChartDetection: 0
  m_ImportantGI: 0
  m_StitchLightmapSeams: 0
  m_SelectedEditorRenderState: 3
  m_MinimumChartSize: 4
  m_AutoUVMaxDistance: 0.5
  m_AutoUVMaxAngle: 89
  m_LightmapParameters: {fileID: 0}
  m_SortingLayerID: 0
  m_SortingLayer: 0
  m_SortingOrder: 0
  serializedVersion: 2
  m_Quality: 0
  m_UpdateWhenOffscreen: 0
  m_SkinnedMotionVectors: 1
  m_Mesh: {fileID: 4300022, guid: df30b42a81043bd4d97d6ef21e3bdf67, type: 3}
  m_Bones:
  - {fileID: 4340827545320394}
  - {fileID: 4826707635932838}
  - {fileID: 4773663474962766}
  - {fileID: 4525892145941652}
  - {fileID: 4700613222293570}
  - {fileID: 4780687223703696}
  - {fileID: 4869158737438014}
  - {fileID: 4909942155365130}
  - {fileID: 4210033527573120}
  - {fileID: 4908189547392816}
  - {fileID: 4980295799850040}
  - {fileID: 4038710228926952}
  - {fileID: 4891706398959826}
  - {fileID: 4663348502470294}
  - {fileID: 4203444083747162}
  - {fileID: 4645054996481130}
  - {fileID: 4857735524207932}
  - {fileID: 4115854497707680}
  - {fileID: 4542556733970804}
  - {fileID: 4192452082570422}
  - {fileID: 4848513837611582}
  - {fileID: 4606291640753378}
  - {fileID: 4622005568900518}
  - {fileID: 4395247867063726}
  - {fileID: 4251357032619166}
  - {fileID: 4910414598056462}
  - {fileID: 4928917709871142}
  - {fileID: 4904309344706084}
  - {fileID: 4351957939901806}
  - {fileID: 4554898107078562}
  - {fileID: 4881120322766264}
  - {fileID: 4313452523228518}
  - {fileID: 4372141685164012}
  - {fileID: 4327711225790496}
  - {fileID: 4257045408507310}
  - {fileID: 4518879788786636}
  - {fileID: 4408929125634974}
  - {fileID: 4812050712523676}
  - {fileID: 4787998141745556}
  - {fileID: 4745116308584252}
  - {fileID: 4845612018790780}
  - {fileID: 4673236808242252}
  - {fileID: 4615836467195358}
  m_BlendShapeWeights: []
  m_RootBone: {fileID: 4340827545320394}
  m_AABB:
    m_Center: {x: 0.000041548046, y: -0.0001981305, z: 0.00013950141}
    m_Extent: {x: 0.0034184377, y: 0.0097938785, z: 0.0025742222}
  m_DirtyAABB: 0
--- !u!137 &137549471232142502
SkinnedMeshRenderer:
  m_ObjectHideFlags: 1
  m_PrefabParentObject: {fileID: 0}
  m_PrefabInternal: {fileID: 100100000}
  m_GameObject: {fileID: 1219832722845792}
  m_Enabled: 1
  m_CastShadows: 1
  m_ReceiveShadows: 1
  m_DynamicOccludee: 1
  m_MotionVectors: 1
  m_LightProbeUsage: 1
  m_ReflectionProbeUsage: 1
  m_Materials:
  - {fileID: 2100000, guid: df30b42a81043bd4d97d6ef21e3bdf67, type: 3}
  - {fileID: 2100006, guid: df30b42a81043bd4d97d6ef21e3bdf67, type: 3}
  m_StaticBatchInfo:
    firstSubMesh: 0
    subMeshCount: 0
  m_StaticBatchRoot: {fileID: 0}
  m_ProbeAnchor: {fileID: 0}
  m_LightProbeVolumeOverride: {fileID: 0}
  m_ScaleInLightmap: 1
  m_PreserveUVs: 0
  m_IgnoreNormalsForChartDetection: 0
  m_ImportantGI: 0
  m_StitchLightmapSeams: 0
  m_SelectedEditorRenderState: 3
  m_MinimumChartSize: 4
  m_AutoUVMaxDistance: 0.5
  m_AutoUVMaxAngle: 89
  m_LightmapParameters: {fileID: 0}
  m_SortingLayerID: 0
  m_SortingLayer: 0
  m_SortingOrder: 0
  serializedVersion: 2
  m_Quality: 0
  m_UpdateWhenOffscreen: 0
  m_SkinnedMotionVectors: 1
  m_Mesh: {fileID: 4300020, guid: df30b42a81043bd4d97d6ef21e3bdf67, type: 3}
  m_Bones:
  - {fileID: 4340827545320394}
  - {fileID: 4826707635932838}
  - {fileID: 4773663474962766}
  - {fileID: 4525892145941652}
  - {fileID: 4700613222293570}
  - {fileID: 4780687223703696}
  - {fileID: 4869158737438014}
  - {fileID: 4909942155365130}
  - {fileID: 4210033527573120}
  - {fileID: 4908189547392816}
  - {fileID: 4980295799850040}
  - {fileID: 4038710228926952}
  - {fileID: 4891706398959826}
  - {fileID: 4663348502470294}
  - {fileID: 4203444083747162}
  - {fileID: 4645054996481130}
  - {fileID: 4857735524207932}
  - {fileID: 4115854497707680}
  - {fileID: 4542556733970804}
  - {fileID: 4192452082570422}
  - {fileID: 4848513837611582}
  - {fileID: 4606291640753378}
  - {fileID: 4622005568900518}
  - {fileID: 4395247867063726}
  - {fileID: 4251357032619166}
  - {fileID: 4910414598056462}
  - {fileID: 4928917709871142}
  - {fileID: 4904309344706084}
  - {fileID: 4351957939901806}
  - {fileID: 4554898107078562}
  - {fileID: 4881120322766264}
  - {fileID: 4313452523228518}
  - {fileID: 4372141685164012}
  - {fileID: 4327711225790496}
  - {fileID: 4257045408507310}
  - {fileID: 4518879788786636}
  - {fileID: 4408929125634974}
  - {fileID: 4812050712523676}
  - {fileID: 4787998141745556}
  - {fileID: 4745116308584252}
  - {fileID: 4845612018790780}
  - {fileID: 4673236808242252}
  - {fileID: 4615836467195358}
  m_BlendShapeWeights: []
  m_RootBone: {fileID: 4340827545320394}
  m_AABB:
    m_Center: {x: -0.00006132794, y: 0.003825625, z: -0.00027735985}
    m_Extent: {x: 0.0017766438, y: 0.0039093685, z: 0.0012951927}
  m_DirtyAABB: 0
--- !u!137 &137594813990727548
SkinnedMeshRenderer:
  m_ObjectHideFlags: 1
  m_PrefabParentObject: {fileID: 0}
  m_PrefabInternal: {fileID: 100100000}
  m_GameObject: {fileID: 1812137813317086}
  m_Enabled: 1
  m_CastShadows: 1
  m_ReceiveShadows: 1
  m_DynamicOccludee: 1
  m_MotionVectors: 1
  m_LightProbeUsage: 1
  m_ReflectionProbeUsage: 1
  m_Materials:
  - {fileID: 2100000, guid: df30b42a81043bd4d97d6ef21e3bdf67, type: 3}
  m_StaticBatchInfo:
    firstSubMesh: 0
    subMeshCount: 0
  m_StaticBatchRoot: {fileID: 0}
  m_ProbeAnchor: {fileID: 0}
  m_LightProbeVolumeOverride: {fileID: 0}
  m_ScaleInLightmap: 1
  m_PreserveUVs: 0
  m_IgnoreNormalsForChartDetection: 0
  m_ImportantGI: 0
  m_StitchLightmapSeams: 0
  m_SelectedEditorRenderState: 3
  m_MinimumChartSize: 4
  m_AutoUVMaxDistance: 0.5
  m_AutoUVMaxAngle: 89
  m_LightmapParameters: {fileID: 0}
  m_SortingLayerID: 0
  m_SortingLayer: 0
  m_SortingOrder: 0
  serializedVersion: 2
  m_Quality: 0
  m_UpdateWhenOffscreen: 0
  m_SkinnedMotionVectors: 1
  m_Mesh: {fileID: 4300010, guid: df30b42a81043bd4d97d6ef21e3bdf67, type: 3}
  m_Bones:
  - {fileID: 4340827545320394}
  - {fileID: 4826707635932838}
  - {fileID: 4773663474962766}
  - {fileID: 4525892145941652}
  - {fileID: 4700613222293570}
  - {fileID: 4780687223703696}
  - {fileID: 4869158737438014}
  - {fileID: 4909942155365130}
  - {fileID: 4210033527573120}
  - {fileID: 4908189547392816}
  - {fileID: 4980295799850040}
  - {fileID: 4038710228926952}
  - {fileID: 4891706398959826}
  - {fileID: 4663348502470294}
  - {fileID: 4203444083747162}
  - {fileID: 4645054996481130}
  - {fileID: 4857735524207932}
  - {fileID: 4115854497707680}
  - {fileID: 4542556733970804}
  - {fileID: 4192452082570422}
  - {fileID: 4848513837611582}
  - {fileID: 4606291640753378}
  - {fileID: 4622005568900518}
  - {fileID: 4395247867063726}
  - {fileID: 4251357032619166}
  - {fileID: 4910414598056462}
  - {fileID: 4928917709871142}
  - {fileID: 4904309344706084}
  - {fileID: 4351957939901806}
  - {fileID: 4554898107078562}
  - {fileID: 4881120322766264}
  - {fileID: 4313452523228518}
  - {fileID: 4372141685164012}
  - {fileID: 4327711225790496}
  - {fileID: 4257045408507310}
  - {fileID: 4518879788786636}
  - {fileID: 4408929125634974}
  - {fileID: 4812050712523676}
  - {fileID: 4787998141745556}
  - {fileID: 4745116308584252}
  - {fileID: 4845612018790780}
  - {fileID: 4673236808242252}
  - {fileID: 4615836467195358}
  m_BlendShapeWeights: []
  m_RootBone: {fileID: 4340827545320394}
  m_AABB:
    m_Center: {x: -0.0000049710507, y: 0.00042852468, z: 0.000120225246}
    m_Extent: {x: 0.0017227607, y: 0.0011653823, z: 0.0010347203}
  m_DirtyAABB: 0
--- !u!137 &137825148076834482
SkinnedMeshRenderer:
  m_ObjectHideFlags: 1
  m_PrefabParentObject: {fileID: 0}
  m_PrefabInternal: {fileID: 100100000}
  m_GameObject: {fileID: 1908758689608474}
  m_Enabled: 1
  m_CastShadows: 1
  m_ReceiveShadows: 1
  m_DynamicOccludee: 1
  m_MotionVectors: 1
  m_LightProbeUsage: 1
  m_ReflectionProbeUsage: 1
  m_Materials:
  - {fileID: 2100000, guid: df30b42a81043bd4d97d6ef21e3bdf67, type: 3}
  m_StaticBatchInfo:
    firstSubMesh: 0
    subMeshCount: 0
  m_StaticBatchRoot: {fileID: 0}
  m_ProbeAnchor: {fileID: 0}
  m_LightProbeVolumeOverride: {fileID: 0}
  m_ScaleInLightmap: 1
  m_PreserveUVs: 0
  m_IgnoreNormalsForChartDetection: 0
  m_ImportantGI: 0
  m_StitchLightmapSeams: 0
  m_SelectedEditorRenderState: 3
  m_MinimumChartSize: 4
  m_AutoUVMaxDistance: 0.5
  m_AutoUVMaxAngle: 89
  m_LightmapParameters: {fileID: 0}
  m_SortingLayerID: 0
  m_SortingLayer: 0
  m_SortingOrder: 0
  serializedVersion: 2
  m_Quality: 0
  m_UpdateWhenOffscreen: 0
  m_SkinnedMotionVectors: 1
  m_Mesh: {fileID: 4300018, guid: df30b42a81043bd4d97d6ef21e3bdf67, type: 3}
  m_Bones:
  - {fileID: 4340827545320394}
  - {fileID: 4826707635932838}
  - {fileID: 4773663474962766}
  - {fileID: 4525892145941652}
  - {fileID: 4700613222293570}
  - {fileID: 4780687223703696}
  - {fileID: 4869158737438014}
  - {fileID: 4909942155365130}
  - {fileID: 4210033527573120}
  - {fileID: 4908189547392816}
  - {fileID: 4980295799850040}
  - {fileID: 4038710228926952}
  - {fileID: 4891706398959826}
  - {fileID: 4663348502470294}
  - {fileID: 4203444083747162}
  - {fileID: 4645054996481130}
  - {fileID: 4857735524207932}
  - {fileID: 4115854497707680}
  - {fileID: 4542556733970804}
  - {fileID: 4192452082570422}
  - {fileID: 4848513837611582}
  - {fileID: 4606291640753378}
  - {fileID: 4622005568900518}
  - {fileID: 4395247867063726}
  - {fileID: 4251357032619166}
  - {fileID: 4910414598056462}
  - {fileID: 4928917709871142}
  - {fileID: 4904309344706084}
  - {fileID: 4351957939901806}
  - {fileID: 4554898107078562}
  - {fileID: 4881120322766264}
  - {fileID: 4313452523228518}
  - {fileID: 4372141685164012}
  - {fileID: 4327711225790496}
  - {fileID: 4257045408507310}
  - {fileID: 4518879788786636}
  - {fileID: 4408929125634974}
  - {fileID: 4812050712523676}
  - {fileID: 4787998141745556}
  - {fileID: 4745116308584252}
  - {fileID: 4845612018790780}
  - {fileID: 4673236808242252}
  - {fileID: 4615836467195358}
  m_BlendShapeWeights: []
  m_RootBone: {fileID: 4340827545320394}
  m_AABB:
    m_Center: {x: -0.0013280169, y: -0.0020943466, z: 0.00068258325}
    m_Extent: {x: 0.0006797971, y: 0.002429394, z: 0.0008957495}
  m_DirtyAABB: 0
--- !u!137 &137850855943203914
SkinnedMeshRenderer:
  m_ObjectHideFlags: 1
  m_PrefabParentObject: {fileID: 0}
  m_PrefabInternal: {fileID: 100100000}
  m_GameObject: {fileID: 1115284053183474}
  m_Enabled: 1
  m_CastShadows: 1
  m_ReceiveShadows: 1
  m_DynamicOccludee: 1
  m_MotionVectors: 1
  m_LightProbeUsage: 1
  m_ReflectionProbeUsage: 1
  m_Materials:
  - {fileID: 2100000, guid: df30b42a81043bd4d97d6ef21e3bdf67, type: 3}
  m_StaticBatchInfo:
    firstSubMesh: 0
    subMeshCount: 0
  m_StaticBatchRoot: {fileID: 0}
  m_ProbeAnchor: {fileID: 0}
  m_LightProbeVolumeOverride: {fileID: 0}
  m_ScaleInLightmap: 1
  m_PreserveUVs: 0
  m_IgnoreNormalsForChartDetection: 0
  m_ImportantGI: 0
  m_StitchLightmapSeams: 0
  m_SelectedEditorRenderState: 3
  m_MinimumChartSize: 4
  m_AutoUVMaxDistance: 0.5
  m_AutoUVMaxAngle: 89
  m_LightmapParameters: {fileID: 0}
  m_SortingLayerID: 0
  m_SortingLayer: 0
  m_SortingOrder: 0
  serializedVersion: 2
  m_Quality: 0
  m_UpdateWhenOffscreen: 0
  m_SkinnedMotionVectors: 1
  m_Mesh: {fileID: 4300004, guid: df30b42a81043bd4d97d6ef21e3bdf67, type: 3}
  m_Bones:
  - {fileID: 4340827545320394}
  - {fileID: 4826707635932838}
  - {fileID: 4773663474962766}
  - {fileID: 4525892145941652}
  - {fileID: 4700613222293570}
  - {fileID: 4780687223703696}
  - {fileID: 4869158737438014}
  - {fileID: 4909942155365130}
  - {fileID: 4210033527573120}
  - {fileID: 4908189547392816}
  - {fileID: 4980295799850040}
  - {fileID: 4038710228926952}
  - {fileID: 4891706398959826}
  - {fileID: 4663348502470294}
  - {fileID: 4203444083747162}
  - {fileID: 4645054996481130}
  - {fileID: 4857735524207932}
  - {fileID: 4115854497707680}
  - {fileID: 4542556733970804}
  - {fileID: 4192452082570422}
  - {fileID: 4848513837611582}
  - {fileID: 4606291640753378}
  - {fileID: 4622005568900518}
  - {fileID: 4395247867063726}
  - {fileID: 4251357032619166}
  - {fileID: 4910414598056462}
  - {fileID: 4928917709871142}
  - {fileID: 4904309344706084}
  - {fileID: 4351957939901806}
  - {fileID: 4554898107078562}
  - {fileID: 4881120322766264}
  - {fileID: 4313452523228518}
  - {fileID: 4372141685164012}
  - {fileID: 4327711225790496}
  - {fileID: 4257045408507310}
  - {fileID: 4518879788786636}
  - {fileID: 4408929125634974}
  - {fileID: 4812050712523676}
  - {fileID: 4787998141745556}
  - {fileID: 4745116308584252}
  - {fileID: 4845612018790780}
  - {fileID: 4673236808242252}
  - {fileID: 4615836467195358}
  m_BlendShapeWeights: []
  m_RootBone: {fileID: 4340827545320394}
  m_AABB:
    m_Center: {x: 0.0021669168, y: 0.004062995, z: -0.00084440375}
    m_Extent: {x: 0.0010341571, y: 0.0020172829, z: 0.00048114324}
  m_DirtyAABB: 0
--- !u!137 &137855943436278724
SkinnedMeshRenderer:
  m_ObjectHideFlags: 1
  m_PrefabParentObject: {fileID: 0}
  m_PrefabInternal: {fileID: 100100000}
  m_GameObject: {fileID: 1292419674404942}
  m_Enabled: 1
  m_CastShadows: 1
  m_ReceiveShadows: 1
  m_DynamicOccludee: 1
  m_MotionVectors: 1
  m_LightProbeUsage: 1
  m_ReflectionProbeUsage: 1
  m_Materials:
  - {fileID: 2100000, guid: df30b42a81043bd4d97d6ef21e3bdf67, type: 3}
  - {fileID: 2100002, guid: df30b42a81043bd4d97d6ef21e3bdf67, type: 3}
  - {fileID: 2100004, guid: df30b42a81043bd4d97d6ef21e3bdf67, type: 3}
  m_StaticBatchInfo:
    firstSubMesh: 0
    subMeshCount: 0
  m_StaticBatchRoot: {fileID: 0}
  m_ProbeAnchor: {fileID: 0}
  m_LightProbeVolumeOverride: {fileID: 0}
  m_ScaleInLightmap: 1
  m_PreserveUVs: 0
  m_IgnoreNormalsForChartDetection: 0
  m_ImportantGI: 0
  m_StitchLightmapSeams: 0
  m_SelectedEditorRenderState: 3
  m_MinimumChartSize: 4
  m_AutoUVMaxDistance: 0.5
  m_AutoUVMaxAngle: 89
  m_LightmapParameters: {fileID: 0}
  m_SortingLayerID: 0
  m_SortingLayer: 0
  m_SortingOrder: 0
  serializedVersion: 2
  m_Quality: 0
  m_UpdateWhenOffscreen: 0
  m_SkinnedMotionVectors: 1
  m_Mesh: {fileID: 4300000, guid: df30b42a81043bd4d97d6ef21e3bdf67, type: 3}
  m_Bones:
  - {fileID: 4340827545320394}
  - {fileID: 4826707635932838}
  - {fileID: 4773663474962766}
  - {fileID: 4525892145941652}
  - {fileID: 4700613222293570}
  - {fileID: 4780687223703696}
  - {fileID: 4869158737438014}
  - {fileID: 4909942155365130}
  - {fileID: 4210033527573120}
  - {fileID: 4908189547392816}
  - {fileID: 4980295799850040}
  - {fileID: 4038710228926952}
  - {fileID: 4891706398959826}
  - {fileID: 4663348502470294}
  - {fileID: 4203444083747162}
  - {fileID: 4645054996481130}
  - {fileID: 4857735524207932}
  - {fileID: 4115854497707680}
  - {fileID: 4542556733970804}
  - {fileID: 4192452082570422}
  - {fileID: 4848513837611582}
  - {fileID: 4606291640753378}
  - {fileID: 4622005568900518}
  - {fileID: 4395247867063726}
  - {fileID: 4251357032619166}
  - {fileID: 4910414598056462}
  - {fileID: 4928917709871142}
  - {fileID: 4904309344706084}
  - {fileID: 4351957939901806}
  - {fileID: 4554898107078562}
  - {fileID: 4881120322766264}
  - {fileID: 4313452523228518}
  - {fileID: 4372141685164012}
  - {fileID: 4327711225790496}
  - {fileID: 4257045408507310}
  - {fileID: 4518879788786636}
  - {fileID: 4408929125634974}
  - {fileID: 4812050712523676}
  - {fileID: 4787998141745556}
  - {fileID: 4745116308584252}
  - {fileID: 4845612018790780}
  - {fileID: 4673236808242252}
  - {fileID: 4615836467195358}
  m_BlendShapeWeights: []
  m_RootBone: {fileID: 4340827545320394}
  m_AABB:
    m_Center: {x: -0.00015612441, y: 0.0081900805, z: -0.000908582}
    m_Extent: {x: 0.0009153211, y: 0.0014056675, z: 0.0015261387}
  m_DirtyAABB: 0
--- !u!137 &137973708951251562
SkinnedMeshRenderer:
  m_ObjectHideFlags: 1
  m_PrefabParentObject: {fileID: 0}
  m_PrefabInternal: {fileID: 100100000}
  m_GameObject: {fileID: 1464272349822736}
  m_Enabled: 1
  m_CastShadows: 1
  m_ReceiveShadows: 1
  m_DynamicOccludee: 1
  m_MotionVectors: 1
  m_LightProbeUsage: 1
  m_ReflectionProbeUsage: 1
  m_Materials:
  - {fileID: 2100000, guid: df30b42a81043bd4d97d6ef21e3bdf67, type: 3}
  m_StaticBatchInfo:
    firstSubMesh: 0
    subMeshCount: 0
  m_StaticBatchRoot: {fileID: 0}
  m_ProbeAnchor: {fileID: 0}
  m_LightProbeVolumeOverride: {fileID: 0}
  m_ScaleInLightmap: 1
  m_PreserveUVs: 0
  m_IgnoreNormalsForChartDetection: 0
  m_ImportantGI: 0
  m_StitchLightmapSeams: 0
  m_SelectedEditorRenderState: 3
  m_MinimumChartSize: 4
  m_AutoUVMaxDistance: 0.5
  m_AutoUVMaxAngle: 89
  m_LightmapParameters: {fileID: 0}
  m_SortingLayerID: 0
  m_SortingLayer: 0
  m_SortingOrder: 0
  serializedVersion: 2
  m_Quality: 0
  m_UpdateWhenOffscreen: 0
  m_SkinnedMotionVectors: 1
  m_Mesh: {fileID: 4300006, guid: df30b42a81043bd4d97d6ef21e3bdf67, type: 3}
  m_Bones:
  - {fileID: 4340827545320394}
  - {fileID: 4826707635932838}
  - {fileID: 4773663474962766}
  - {fileID: 4525892145941652}
  - {fileID: 4700613222293570}
  - {fileID: 4780687223703696}
  - {fileID: 4869158737438014}
  - {fileID: 4909942155365130}
  - {fileID: 4210033527573120}
  - {fileID: 4908189547392816}
  - {fileID: 4980295799850040}
  - {fileID: 4038710228926952}
  - {fileID: 4891706398959826}
  - {fileID: 4663348502470294}
  - {fileID: 4203444083747162}
  - {fileID: 4645054996481130}
  - {fileID: 4857735524207932}
  - {fileID: 4115854497707680}
  - {fileID: 4542556733970804}
  - {fileID: 4192452082570422}
  - {fileID: 4848513837611582}
  - {fileID: 4606291640753378}
  - {fileID: 4622005568900518}
  - {fileID: 4395247867063726}
  - {fileID: 4251357032619166}
  - {fileID: 4910414598056462}
  - {fileID: 4928917709871142}
  - {fileID: 4904309344706084}
  - {fileID: 4351957939901806}
  - {fileID: 4554898107078562}
  - {fileID: 4881120322766264}
  - {fileID: 4313452523228518}
  - {fileID: 4372141685164012}
  - {fileID: 4327711225790496}
  - {fileID: 4257045408507310}
  - {fileID: 4518879788786636}
  - {fileID: 4408929125634974}
  - {fileID: 4812050712523676}
  - {fileID: 4787998141745556}
  - {fileID: 4745116308584252}
  - {fileID: 4845612018790780}
  - {fileID: 4673236808242252}
  - {fileID: 4615836467195358}
  m_BlendShapeWeights: []
  m_RootBone: {fileID: 4340827545320394}
  m_AABB:
    m_Center: {x: -0.0022896342, y: 0.0039617936, z: -0.00085188774}
    m_Extent: {x: 0.0009523954, y: 0.0020357748, z: 0.00048435273}
  m_DirtyAABB: 0
